@ARTICLE{tanaka02,
   author = {{Tanaka}, H. and {Takeuchi}, T. and {Ward}, W.~R.},
    title = "{Three-Dimensional Interaction between a Planet and an Isothermal Gaseous Disk. I. Corotation and Lindblad Torques and Planet Migration}",
  journal = {\apj},
 keywords = {Stars: Planetary Systems: Formation, Stars: Planetary Systems: Protoplanetary Disks, Solar System: Formation, Waves},
     year = 2002,
    month = feb,
   volume = 565,
    pages = {1257-1274},
      doi = {10.1086/324713},
   adsurl = {http://adsabs.harvard.edu/abs/2002ApJ...565.1257T},
  adsnote = {Provided by the SAO/NASA Astrophysics Data System}
}

@ARTICLE{li00,
   author = {{Li}, H. and {Finn}, J.~M. and {Lovelace}, R.~V.~E. and {Colgate}, S.~A.
	},
    title = "{Rossby Wave Instability of Thin Accretion Disks. II. Detailed Linear Theory}",
  journal = {\apj},
   eprint = {arXiv:astro-ph/9907279},
 keywords = {ACCRETION, ACCRETION DISKS, HYDRODYNAMICS, INSTABILITIES, WAVES},
     year = 2000,
    month = apr,
   volume = 533,
    pages = {1023-1034},
      doi = {10.1086/308693},
   adsurl = {http://adsabs.harvard.edu/abs/2000ApJ...533.1023L},
  adsnote = {Provided by the SAO/NASA Astrophysics Data System}
}

@ARTICLE{lin11,
   author = {{Lin}, M.-K. and {Papaloizou}, J.~C.~B.},
    title = "{The effect of self-gravity on vortex instabilities in disc-planet interactions}",
  journal = {\mnras},
archivePrefix = "arXiv",
   eprint = {1103.5025},
 primaryClass = "astro-ph.EP",
 keywords = {planets and satellites: formation, planet-disc interactions, protoplanetary discs},
     year = 2011,
    month = jun,
    pages = {877-+},
      doi = {10.1111/j.1365-2966.2011.18798.x},
   adsurl = {http://adsabs.harvard.edu/abs/2011MNRAS.tmp..877L},
  adsnote = {Provided by the SAO/NASA Astrophysics Data System}
}

@ARTICLE{papaloizou84,
   author = {{Papaloizou}, J.~C.~B. and {Pringle}, J.~E.},
    title = "{The dynamical stability of differentially rotating discs with constant specific angular momentum}",
  journal = {\mnras},
 keywords = {ACCRETION DISKS, ANGULAR MOMENTUM, ASTRONOMICAL MODELS, DYNAMIC STABILITY, ROTATING FLUIDS, TORUSES, EIGENVALUES, PERTURBATION THEORY, POLYTROPIC PROCESSES, QUASARS},
     year = 1984,
    month = jun,
   volume = 208,
    pages = {721-750},
   adsurl = {http://adsabs.harvard.edu/abs/1984MNRAS.208..721P},
  adsnote = {Provided by the SAO/NASA Astrophysics Data System}
}

@BOOK{stegun65,
   author = {{Abramowitz}, M. and {Stegun}, I.~A.},
    title = "{Handbook of mathematical functions with formulas, graphs, and mathematical tables}",
booktitle = {Dover Books on Advanced Mathematics, New York: Dover, |c1965, Corrected edition, edited by Abramowitz, Milton; Stegun, Irene A.},
     year = 1965,
   editor = "{Abramowitz, M.~\& Stegun, I.~A.}",
   adsurl = {http://adsabs.harvard.edu/abs/1965hmfw.book.....A},
  adsnote = {Provided by the SAO/NASA Astrophysics Data System}
}

@ARTICLE{meheut10,
   author = {{Meheut}, H. and {Casse}, F. and {Varniere}, P. and {Tagger}, M.
	},
    title = "{Rossby wave instability and three-dimensional vortices in accretion disks}",
  journal = {\aap},
archivePrefix = "arXiv",
   eprint = {1004.0302},
 primaryClass = "astro-ph.SR",
 keywords = {Accretion, accretion disks, protoplanetary disks, hydrodynamics, instabilities, methods: numerical},
     year = 2010,
    month = jun,
   volume = 516,
      eid = {A31},
    pages = {A31},
      doi = {10.1051/0004-6361/201014000},
   adsurl = {http://adsabs.harvard.edu/abs/2010A%26A...516A..31M},
  adsnote = {Provided by the SAO/NASA Astrophysics Data System}
}



@INPROCEEDINGS{meheut11a,
   author = {{Meheut}, H. and {Varniere}, P. and {Benz}, W.},
    title = "{Concentration of solids in 3D Rossby vortices}",
booktitle = {EPSC-DPS Joint Meeting 2011, held 2-7 October 2011 in Nantes, France},
     year = 2011,
    month = oct,
    pages = {1054},
   adsurl = {http://adsabs.harvard.edu/abs/2011epsc.conf.1054M},
  adsnote = {Provided by the SAO/NASA Astrophysics Data System}
}



@INPROCEEDINGS{meheut11b,
   author = {{Meheut}, H. and {Varniere}, P. and {Casse}, F. and {Tagger}, M.
	},
    title = "{Structure of three dimensional Rossby vortices}",
booktitle = {EPSC-DPS Joint Meeting 2011, held 2-7 October 2011 in Nantes, France},
     year = 2011,
    month = oct,
    pages = {1059},
   adsurl = {http://adsabs.harvard.edu/abs/2011epsc.conf.1059M},
  adsnote = {Provided by the SAO/NASA Astrophysics Data System}
}

@ARTICLE{lovelace99,
   author = {{Lovelace}, R.~V.~E. and {Li}, H. and {Colgate}, S.~A. and {Nelson}, A.~F.
        },
    title = "{Rossby Wave Instability of Keplerian Accretion Disks}",
  journal = {\apj},
   eprint = {arXiv:astro-ph/9809321},
 keywords = {ACCRETION, ACCRETION DISKS, HYDRODYNAMICS, INSTABILITIES, WAVES},
     year = 1999,
    month = mar,
   volume = 513,
    pages = {805-810},
      doi = {10.1086/306900},
   adsurl = {http://adsabs.harvard.edu/abs/1999ApJ...513..805L},
  adsnote = {Provided by the SAO/NASA Astrophysics Data System}
}

@ARTICLE{li01,
   author = {{Li}, H. and {Colgate}, S.~A. and {Wendroff}, B. and {Liska}, R.
	},
    title = "{Rossby Wave Instability of Thin Accretion Disks. III. Nonlinear Simulations}",
  journal = {\apj},
   eprint = {arXiv:astro-ph/0012479},
 keywords = {Accretion, Accretion Disks, Hydrodynamics, Instabilities, Waves},
     year = 2001,
    month = apr,
   volume = 551,
    pages = {874-896},
      doi = {10.1086/320241},
   adsurl = {http://adsabs.harvard.edu/abs/2001ApJ...551..874L},
  adsnote = {Provided by the SAO/NASA Astrophysics Data System}
}


@ARTICLE{papaloizou85,
   author = {{Papaloizou}, J.~C.~B. and {Pringle}, J.~E.},
    title = "{The dynamical stability of differentially rotating discs. II}",
  journal = {\mnras},
 keywords = {COMPUTATIONAL ASTROPHYSICS, KELVIN-HELMHOLTZ INSTABILITY, ROTARY STABILITY, ROTATING DISKS, ROTATING FLUIDS, ANGULAR MOMENTUM, EQUILIBRIUM EQUATIONS, SHEAR FLOW, SOUND WAVES},
     year = 1985,
    month = apr,
   volume = 213,
    pages = {799-820},
   adsurl = {http://adsabs.harvard.edu/abs/1985MNRAS.213..799P},
  adsnote = {Provided by the SAO/NASA Astrophysics Data System}
}

@ARTICLE{umurhan10,
   author = {{Umurhan}, O.~M.},
    title = "{Potential vorticity dynamics in the framework of disk shallow-water theory. I. The Rossby wave instability}",
  journal = {\aap},
archivePrefix = "arXiv",
   eprint = {1008.2073},
 primaryClass = "astro-ph.SR",
 keywords = {hydrodynamics, accretion, accretion disks, instabilities},
     year = 2010,
    month = oct,
   volume = 521,
      eid = {A25},
    pages = {A25},
      doi = {10.1051/0004-6361/201015210},
   adsurl = {http://adsabs.harvard.edu/abs/2010A%26A...521A..25U},
  adsnote = {Provided by the SAO/NASA Astrophysics Data System}
}


@ARTICLE{lesur09,
   author = {{Lesur}, G. and {Papaloizou}, J.~C.~B.},
    title = "{On the stability of elliptical vortices in accretion discs}",
  journal = {\aap},
archivePrefix = "arXiv",
   eprint = {0903.1720},
 primaryClass = "astro-ph.EP",
 keywords = {accretion, accretion disks, instabilities, hydrodynamics},
     year = 2009,
    month = apr,
   volume = 498,
    pages = {1-12},
      doi = {10.1051/0004-6361/200811577},
   adsurl = {http://adsabs.harvard.edu/abs/2009A%26A...498....1L},
  adsnote = {Provided by the SAO/NASA Astrophysics Data System}
}

@ARTICLE{lesur10,
   author = {{Lesur}, G. and {Papaloizou}, J.~C.~B.},
    title = "{The subcritical baroclinic instability in local accretion disc models}",
  journal = {\aap},
archivePrefix = "arXiv",
   eprint = {0911.0663},
 primaryClass = "astro-ph.EP",
 keywords = {accretion, accretion disks, instabilities, planets and satellites: formation, turbulence},
     year = 2010,
    month = apr,
   volume = 513,
      eid = {A60},
    pages = {A60},
      doi = {10.1051/0004-6361/200913594},
   adsurl = {http://adsabs.harvard.edu/abs/2010A%26A...513A..60L},
  adsnote = {Provided by the SAO/NASA Astrophysics Data System}
}



@ARTICLE{goldreich86,
   author = {{Goldreich}, P. and {Goodman}, J. and {Narayan}, R.},
    title = "{The stability of accretion tori. I - Long-wavelength modes of slender tori}",
  journal = {\mnras},
 keywords = {ACCRETION DISKS, ASTROPHYSICS, DYNAMIC STABILITY, TORUSES, COROTATION, INCOMPRESSIBLE FLOW, INVISCID FLOW, ISENTROPIC PROCESSES, MODAL RESPONSE, PERTURBATION THEORY},
     year = 1986,
    month = jul,
   volume = 221,
    pages = {339-364},
   adsurl = {http://adsabs.harvard.edu/abs/1986MNRAS.221..339G},
  adsnote = {Provided by the SAO/NASA Astrophysics Data System}
}

@ARTICLE{yang10,
   author = {{Yang}, C.-C. and {Menou}, K.},
    title = "{Rayleigh adjustment of narrow barriers in protoplanetary discs}",
  journal = {\mnras},
archivePrefix = "arXiv",
   eprint = {0904.4266},
 primaryClass = "astro-ph.EP",
 keywords = {accretion, accretion discs, hydrodynamics, instabilities, planetary systems: formation, planetary systems: protoplanetary discs},
     year = 2010,
    month = mar,
   volume = 402,
    pages = {2436-2440},
      doi = {10.1111/j.1365-2966.2009.16047.x},
   adsurl = {http://adsabs.harvard.edu/abs/2010MNRAS.402.2436Y},
  adsnote = {Provided by the SAO/NASA Astrophysics Data System}
}

@ARTICLE{knobloch86,
   author = {{Knobloch}, E. and {Spruit}, H.~C.},
    title = "{Baroclinic waves in a vertically stratified thin accretion disk}",
  journal = {\aap},
 keywords = {ACCRETION DISKS, BAROCLINIC WAVES, STRATIFICATION, BAROCLINIC INSTABILITY, BUOYANCY, LINEAR EQUATIONS, RESONANCE, TURBULENCE},
     year = 1986,
    month = sep,
   volume = 166,
    pages = {359-367},
   adsurl = {http://adsabs.harvard.edu/abs/1986A%26A...166..359K},
  adsnote = {Provided by the SAO/NASA Astrophysics Data System}
}

@ARTICLE{lin10,
   author = {{Lin}, M.-K. and {Papaloizou}, J.~C.~B.},
    title = "{Type III migration in a low-viscosity disc}",
  journal = {\mnras},
archivePrefix = "arXiv",
   eprint = {1002.3742},
 primaryClass = "astro-ph.EP",
 keywords = {planetary systems: formation, planetary systems: protoplanetary discs},
     year = 2010,
    month = jul,
   volume = 405,
    pages = {1473-1490},
      doi = {10.1111/j.1365-2966.2010.16560.x},
   adsurl = {http://adsabs.harvard.edu/abs/2010MNRAS.405.1473L},
  adsnote = {Provided by the SAO/NASA Astrophysics Data System}
}


@ARTICLE{lin11a,
   author = {{Lin}, M.-K. and {Papaloizou}, J.~C.~B.},
    title = "{The effect of self-gravity on vortex instabilities in disc-planet interactions}",
  journal = {\mnras},
archivePrefix = "arXiv",
   eprint = {1103.5025},
 primaryClass = "astro-ph.EP",
 keywords = {planets and satellites: formation, planet-disc interactions, protoplanetary discs},
     year = 2011,
    month = aug,
   volume = 415,
    pages = {1426-1444},
      doi = {10.1111/j.1365-2966.2011.18798.x},
   adsurl = {http://adsabs.harvard.edu/abs/2011MNRAS.415.1426L},
  adsnote = {Provided by the SAO/NASA Astrophysics Data System}
}

@ARTICLE{lin11b,
   author = {{Lin}, M.-K. and {Papaloizou}, J.~C.~B.},
    title = "{\phantom{Z}Edge modes in self-gravitating disc-planet interactions}",
  journal = {\mnras},
archivePrefix = "arXiv",
   eprint = {1103.5036},
 primaryClass = "astro-ph.EP",
 keywords = {planets and satellites: formation, planet-disc interactions, protoplanetary discs},
     year = 2011,
    month = aug,
   volume = 415,
    pages = {1445-1468},
      doi = {10.1111/j.1365-2966.2011.18797.x},
   adsurl = {http://adsabs.harvard.edu/abs/2011MNRAS.415.1445L},
  adsnote = {Provided by the SAO/NASA Astrophysics Data System}
}




@ARTICLE{takeuchi98,
   author = {{Takeuchi}, T. and {Miyama}, S.~M.},
    title = "{Wave Excitation in Isothermal Disks by External Gravity}",
  journal = {\pasj},
 keywords = {ACCRETION, ACCRETION DISKS, HYDRODYNAMICS, PLANETS: FORMATION},
     year = 1998,
    month = feb,
   volume = 50,
    pages = {141-148},
   adsurl = {http://adsabs.harvard.edu/abs/1998PASJ...50..141T},
  adsnote = {Provided by the SAO/NASA Astrophysics Data System}
}

@ARTICLE{okazaki85,
   author = {{Okazaki}, A.~T. and {Kato}, S.},
    title = "{One-armed adiabatic oscillations of a nonself-gravitating polytropic disk. I - A disk with constant thickness}",
  journal = {\pasj},
 keywords = {ACCRETION DISKS, ADIABATIC CONDITIONS, INTERSTELLAR GAS, POLYTROPIC PROCESSES, ROTATING DISKS, STELLAR ENVELOPES, GRAVITATIONAL EFFECTS, INVISCID FLOW, KEPLER LAWS, OSCILLATIONS, THICKNESS},
     year = 1985,
   volume = 37,
    pages = {683-696},
   adsurl = {http://adsabs.harvard.edu/abs/1985PASJ...37..683O},
  adsnote = {Provided by the SAO/NASA Astrophysics Data System}
}

@ARTICLE{valborro07,
   author = {{de Val-Borro}, M. and {Artymowicz}, P. and {D'Angelo}, G. and 
	{Peplinski}, A.},
    title = "{Vortex generation in protoplanetary disks with an embedded giant planet}",
  journal = {\aap},
archivePrefix = "arXiv",
   eprint = {0706.3200},
 keywords = {planet and satellites: general, accretion, accretion disks, hydrodynamics, instabilities, methods: numerical},
     year = 2007,
    month = sep,
   volume = 471,
    pages = {1043-1055},
      doi = {10.1051/0004-6361:20077169},
   adsurl = {http://adsabs.harvard.edu/abs/2007A%26A...471.1043D},
  adsnote = {Provided by the SAO/NASA Astrophysics Data System}
}

@ARTICLE{umurhan08,
   author = {{Umurhan}, O.~M.},
    title = "{A shallow-water theory for annular sections of Keplerian disks}",
  journal = {\aap},
archivePrefix = "arXiv",
   eprint = {0802.3486},
 keywords = {circumstellar matter, instabilities, hydrodynamics, waves},
     year = 2008,
    month = oct,
   volume = 489,
    pages = {953-962},
      doi = {10.1051/0004-6361:200809504},
   adsurl = {http://adsabs.harvard.edu/abs/2008A%26A...489..953U},
  adsnote = {Provided by the SAO/NASA Astrophysics Data System}
}

@ARTICLE{lyra09,
   author = {{Lyra}, W. and {Johansen}, A. and {Zsom}, A. and {Klahr}, H. and 
	{Piskunov}, N.},
    title = "{Planet formation bursts at the borders of the dead zone in 2D numerical simulations of circumstellar disks}",
  journal = {\aap},
archivePrefix = "arXiv",
   eprint = {0901.1638},
 primaryClass = "astro-ph.EP",
 keywords = {accretion, accretion disks, hydrodynamics, instabilities, stars: planetary systems: formation, methods: numerical, turbulence},
     year = 2009,
    month = apr,
   volume = 497,
    pages = {869-888},
      doi = {10.1051/0004-6361/200811265},
   adsurl = {http://adsabs.harvard.edu/abs/2009A%26A...497..869L},
  adsnote = {Provided by the SAO/NASA Astrophysics Data System}
}

@ARTICLE{lyra09b,
   author = {{Lyra}, W. and {Johansen}, A. and {Klahr}, H. and {Piskunov}, N.
	},
    title = "{Standing on the shoulders of giants. Trojan Earths and vortex trapping in low mass self-gravitating protoplanetary disks of gas and solids}",
  journal = {\aap},
archivePrefix = "arXiv",
   eprint = {0810.3192},
 keywords = {accretion, accretion disks, hydrodynamics, instabilities, methods: numerical, solar system: formation, planets and satellites: formation},
     year = 2009,
    month = jan,
   volume = 493,
    pages = {1125-1139},
      doi = {10.1051/0004-6361:200810797},
   adsurl = {http://adsabs.harvard.edu/abs/2009A%26A...493.1125L},
  adsnote = {Provided by the SAO/NASA Astrophysics Data System}
}



@ARTICLE{varniere06,
   author = {{Varni{\`e}re}, P. and {Tagger}, M.},
    title = "{Reviving Dead Zones in accretion disks by Rossby vortices at their boundaries}",
  journal = {\aap},
   eprint = {arXiv:astro-ph/0511684},
 keywords = {accretion disks, instabilities, planetary systems: formation},
     year = 2006,
    month = feb,
   volume = 446,
    pages = {L13-L16},
      doi = {10.1051/0004-6361:200500226},
   adsurl = {http://adsabs.harvard.edu/abs/2006A%26A...446L..13V},
  adsnote = {Provided by the SAO/NASA Astrophysics Data System}
}

@ARTICLE{armitage11,
   author = {{Armitage}, P.~J.},
    title = "{Dynamics of Protoplanetary Disks}",
  journal = {\araa},
archivePrefix = "arXiv",
   eprint = {1011.1496},
 primaryClass = "astro-ph.SR",
     year = 2011,
    month = sep,
   volume = 49,
    pages = {195-236},
      doi = {10.1146/annurev-astro-081710-102521},
   adsurl = {http://adsabs.harvard.edu/abs/2011ARA%26A..49..195A},
  adsnote = {Provided by the SAO/NASA Astrophysics Data System}
}

@ARTICLE{terquem08,
   author = {{Terquem}, C.~E.~J.~M.~L.~J.},
    title = "{New Composite Models of Partially Ionized Protoplanetary Disks}",
  journal = {\apj},
archivePrefix = "arXiv",
   eprint = {0808.3897},
 keywords = {Accretion, Accretion Disks, Stars: Planetary Systems: Protoplanetary Disks, Stars: Pre-Main-Sequence},
     year = 2008,
    month = dec,
   volume = 689,
    pages = {532-538},
      doi = {10.1086/592597},
   adsurl = {http://adsabs.harvard.edu/abs/2008ApJ...689..532T},
  adsnote = {Provided by the SAO/NASA Astrophysics Data System}
}

@ARTICLE{gammie96,
   author = {{Gammie}, C.~F.},
    title = "{Layered Accretion in T Tauri Disks}",
  journal = {\apj},
 keywords = {ACCRETION, ACCRETION DISKS, STARS: MAGNETIC FIELDS, STARS: PRE-MAIN-SEQUENCE},
     year = 1996,
    month = jan,
   volume = 457,
    pages = {355},
      doi = {10.1086/176735},
   adsurl = {http://adsabs.harvard.edu/abs/1996ApJ...457..355G},
  adsnote = {Provided by the SAO/NASA Astrophysics Data System}
}

@ARTICLE{goldreich79,
   author = {{Goldreich}, P. and {Tremaine}, S.},
    title = "{The excitation of density waves at the Lindblad and corotation resonances by an external potential}",
  journal = {\apj},
 keywords = {DENSITY WAVE MODEL, GALACTIC STRUCTURE, ROTATING DISKS, ASTRODYNAMICS, HYDRODYNAMICS, RESONANCE, STELLAR MOTIONS, WAVE EXCITATION},
     year = 1979,
    month = nov,
   volume = 233,
    pages = {857-871},
      doi = {10.1086/157448},
   adsurl = {http://adsabs.harvard.edu/abs/1979ApJ...233..857G},
  adsnote = {Provided by the SAO/NASA Astrophysics Data System}
}

@ARTICLE{goldreich80,
   author = {{Goldreich}, P. and {Tremaine}, S.},
    title = "{Disk-satellite interactions}",
  journal = {\apj},
 keywords = {JUPITER (PLANET), MOMENTUM TRANSFER, NATURAL SATELLITES, PLANETARY EVOLUTION, PROTOPLANETS, ANGULAR MOMENTUM, CELESTIAL MECHANICS, RESONANCE, SOLAR SYSTEM},
     year = 1980,
    month = oct,
   volume = 241,
    pages = {425-441},
      doi = {10.1086/158356},
   adsurl = {http://adsabs.harvard.edu/abs/1980ApJ...241..425G},
  adsnote = {Provided by the SAO/NASA Astrophysics Data System}
}


@ARTICLE{lin86,
   author = {{Lin}, D.~N.~C. and {Papaloizou}, J.},
    title = "{On the tidal interaction between protoplanets and the protoplanetary disk. III - Orbital migration of protoplanets}",
  journal = {\apj},
 keywords = {PLANETARY EVOLUTION, PROTOPLANETS, STELLAR EVOLUTION, STELLAR MODELS, TIDES, ANGULAR MOMENTUM, FEEDBACK, MOMENTUM TRANSFER, ORBIT PERTURBATION},
     year = 1986,
    month = oct,
   volume = 309,
    pages = {846-857},
      doi = {10.1086/164653},
   adsurl = {http://adsabs.harvard.edu/abs/1986ApJ...309..846L},
  adsnote = {Provided by the SAO/NASA Astrophysics Data System}
}

@ARTICLE{balbus91,
   author = {{Balbus}, S.~A. and {Hawley}, J.~F.},
    title = "{A powerful local shear instability in weakly magnetized disks. I - Linear analysis. II - Nonlinear evolution}",
  journal = {\apj},
 keywords = {ACCRETION DISKS, MAGNETOHYDRODYNAMIC STABILITY, STELLAR MAGNETIC FIELDS, STELLAR MASS ACCRETION, BOUSSINESQ APPROXIMATION, COMPUTATIONAL ASTROPHYSICS, LINEAR SYSTEMS},
     year = 1991,
    month = jul,
   volume = 376,
    pages = {214-233},
      doi = {10.1086/170270},
   adsurl = {http://adsabs.harvard.edu/abs/1991ApJ...376..214B},
  adsnote = {Provided by the SAO/NASA Astrophysics Data System}
}


@ARTICLE{dong11,
   author = {{Dong}, R. and {Rafikov}, R.~R. and {Stone}, J.~M.},
    title = "{Density Waves Excited by Low-mass Planets in Protoplanetary Disks. II. High-resolution Simulations of the Nonlinear Regime}",
  journal = {\apj},
archivePrefix = "arXiv",
   eprint = {1109.2590},
 primaryClass = "astro-ph.EP",
 keywords = {hydrodynamics, methods: numerical, planet-disk interactions, planets and satellites: formation, protoplanetary disks },
     year = 2011,
    month = nov,
   volume = 741,
      eid = {57},
    pages = {57},
      doi = {10.1088/0004-637X/741/1/57},
   adsurl = {http://adsabs.harvard.edu/abs/2011ApJ...741...57D},
  adsnote = {Provided by the SAO/NASA Astrophysics Data System}
}

@ARTICLE{papaloizou87,
   author = {{Papaloizou}, J.~C.~B. and {Pringle}, J.~E.},
    title = "{The dynamical stability of differentially rotating discs. III}",
  journal = {\mnras},
 keywords = {DYNAMIC STABILITY, ROTATING DISKS, ANGULAR MOMENTUM, COROTATION, TORUSES, WENTZEL-KRAMER-BRILLOUIN METHOD},
     year = 1987,
    month = mar,
   volume = 225,
    pages = {267-283},
   adsurl = {http://adsabs.harvard.edu/abs/1987MNRAS.225..267P},
  adsnote = {Provided by the SAO/NASA Astrophysics Data System}
}

@ARTICLE{taggger01,
   author = {{Tagger}, M.},
    title = "{On Rossby waves and vortices with differential rotation}",
  journal = {\aap},
   eprint = {arXiv:astro-ph/0110298},
 keywords = {ACCRETION, ACCRETION DISKS, INSTABILITIES, HYDRODYNAMICS, WAVES, PLANETARY SYSTEMS},
     year = 2001,
    month = dec,
   volume = 380,
    pages = {750-757},
      doi = {10.1051/0004-6361:20011423},
   adsurl = {http://adsabs.harvard.edu/abs/2001A%26A...380..750T},
  adsnote = {Provided by the SAO/NASA Astrophysics Data System}
}

@INPROCEEDINGS{crespe11,
   author = {{Crespe}, E. and {Gonzalez}, J.-F. and {Arena}, S.~E.},
    title = "{The Rossby wave instability in 2D viscous protoplanetary discs}",
booktitle = {SF2A-2011: Proceedings of the Annual meeting of the French Society of Astronomy and Astrophysics},
     year = 2011,
   editor = "{G.~Alecian, K.~Belkacem, R.~Samadi, \& D.~Valls-Gabaud}",
    month = dec,
    pages = {469-473},
   adsurl = {http://adsabs.harvard.edu/abs/2011sf2a.conf..469C},
  adsnote = {Provided by the SAO/NASA Astrophysics Data System}
}


@ARTICLE{lyra08,
   author = {{Lyra}, W. and {Johansen}, A. and {Klahr}, H. and {Piskunov}, N.},
    title = "{Embryos grown in the dead zone. Assembling the first protoplanetary cores in low mass self-gravitating circumstellar disks of gas and solids}", 
  journal = {\aap},
archivePrefix = "arXiv",
   eprint = {0807.2622},
 keywords = {accretion, accretion disks, instabilites, stars: planetary systems: formation},
     year = 2008,
    month = dec,
   volume = 491,
    pages = {L41-L44},
      doi = {10.1051/0004-6361:200810626},
   adsurl = {http://adsabs.harvard.edu/abs/2008A%26A...491L..41L},
  adsnote = {Provided by the SAO/NASA Astrophysics Data System}
}

@ARTICLE{barge95,
   author = {{Barge}, P. and {Sommeria}, J.},
    title = "{Did planet formation begin inside persistent gaseous vortices?}",
  journal = {\aap},
   eprint = {arXiv:astro-ph/9501050},
 keywords = {ASTRONOMICAL MODELS, COSMOLOGY, GASES, GRAVITATIONAL COLLAPSE, PLANETARY EVOLUTION, PLANETARY NEBULAE, PROTOPLANETS, VORTICES, ACCRETION DISKS, GRAVITATIONAL EFFECTS, PLANETARY MASS, PLANETARY ORBITS, TRAPPED PARTICLES, TURBULENT DIFFUSION},
     year = 1995,
    month = mar,
   volume = 295,
    pages = {L1-L4},
   adsurl = {http://adsabs.harvard.edu/abs/1995A%26A...295L...1B},
  adsnote = {Provided by the SAO/NASA Astrophysics Data System}
}

@ARTICLE{koller03,
   author = {{Koller}, J. and {Li}, H. and {Lin}, D.~N.~C.},
    title = "{Vortices in the Co-orbital Region of an Embedded Protoplanet}",
  journal = {\apjl},
   eprint = {arXiv:astro-ph/0308358},
 keywords = {Accretion, Accretion Disks, Hydrodynamics, Stars: Planetary Systems: Protoplanetary Disks},
     year = 2003,
    month = oct,
   volume = 596,
    pages = {L91-L94},
      doi = {10.1086/379032},
   adsurl = {http://adsabs.harvard.edu/abs/2003ApJ...596L..91K},
  adsnote = {Provided by the SAO/NASA Astrophysics Data System}
}

@ARTICLE{li09,
   author = {{Li}, H. and {Lubow}, S.~H. and {Li}, S. and {Lin}, D.~N.~C.
	},
    title = "{Type I Planet Migration in Nearly Laminar Disks}",
  journal = {\apjl},
archivePrefix = "arXiv",
   eprint = {0812.0586},
 keywords = {accretion, accretion disks, hydrodynamics, methods: numerical, planetary systems: formation, planetary systems: protoplanetary disks, solar system: formation},
     year = 2009,
    month = jan,
   volume = 690,
    pages = {L52-L55},
      doi = {10.1088/0004-637X/690/1/L52},
   adsurl = {http://adsabs.harvard.edu/abs/2009ApJ...690L..52L},
  adsnote = {Provided by the SAO/NASA Astrophysics Data System}
}

@ARTICLE{ou07,
   author = {{Ou}, S. and {Ji}, J. and {Liu}, L. and {Peng}, X.},
    title = "{Disk-Planet Interaction Simulations. I. Baroclinic Generation of Vortensity and Nonaxisymmetric Rossby Wave Instability}",
  journal = {\apj},
archivePrefix = "arXiv",
   eprint = {0706.3404},
 keywords = {Accretion, Accretion Disks, Hydrodynamics, Instabilities, Methods: Numerical, Stars: Planetary Systems: Protoplanetary Disks},
     year = 2007,
    month = oct,
   volume = 667,
    pages = {1220-1228},
      doi = {10.1086/521012},
   adsurl = {http://adsabs.harvard.edu/abs/2007ApJ...667.1220O},
  adsnote = {Provided by the SAO/NASA Astrophysics Data System}
}

@ARTICLE{yu10,
   author = {{Yu}, C. and {Li}, H. and {Li}, S. and {Lubow}, S.~H. and {Lin}, D.~N.~C.
	},
    title = "{Type I Planet Migration in Nearly Laminar Disks: Long-Term Behavior}",
  journal = {\apj},
archivePrefix = "arXiv",
   eprint = {1002.0307},
 primaryClass = "astro-ph.EP",
 keywords = {accretion, accretion disks, hydrodynamics, methods: numerical, protoplanetary disks},
     year = 2010,
    month = mar,
   volume = 712,
    pages = {198-208},
      doi = {10.1088/0004-637X/712/1/198},
   adsurl = {http://adsabs.harvard.edu/abs/2010ApJ...712..198Y},
  adsnote = {Provided by the SAO/NASA Astrophysics Data System}
}


@ARTICLE{yu09,
   author = {{Yu}, C. and {Li}, H.},
    title = "{Nonaxisymmetric Rossby Vortex Instability with Toroidal Magnetic Fields in Radially Structured Disks}",
  journal = {\apj},
archivePrefix = "arXiv",
   eprint = {0906.5318},
 primaryClass = "astro-ph.SR",
 keywords = {accretion, accretion disks, instabilities, MHD, waves},
     year = 2009,
    month = sep,
   volume = 702,
    pages = {75-84},
      doi = {10.1088/0004-637X/702/1/75},
   adsurl = {http://adsabs.harvard.edu/abs/2009ApJ...702...75Y},
  adsnote = {Provided by the SAO/NASA Astrophysics Data System}
}



@ARTICLE{li05,
   author = {{Li}, H. and {Li}, S. and {Koller}, J. and {Wendroff}, B.~B. and 
	{Liska}, R. and {Orban}, C.~M. and {Liang}, E.~P.~T. and {Lin}, D.~N.~C.
	},
    title = "{Potential Vorticity Evolution of a Protoplanetary Disk with an Embedded Protoplanet}",
  journal = {\apj},
   eprint = {arXiv:astro-ph/0503404},
 keywords = {Accretion, Accretion Disks, Hydrodynamics, Stars: Planetary Systems: Protoplanetary Disks},
     year = 2005,
    month = may,
   volume = 624,
    pages = {1003-1009},
      doi = {10.1086/429367},
   adsurl = {http://adsabs.harvard.edu/abs/2005ApJ...624.1003L},
  adsnote = {Provided by the SAO/NASA Astrophysics Data System}
}

@ARTICLE{narayan87,
   author = {{Narayan}, R. and {Goldreich}, P. and {Goodman}, J.},
    title = "{Physics of modes in a differentially rotating system - Analysis of the shearing sheet}",
  journal = {\mnras},
 keywords = {COMPRESSIBLE FLOW, COMPUTATIONAL ASTROPHYSICS, COMPUTATIONAL FLUID DYNAMICS, ROTATING FLUIDS, SHEAR LAYERS, TWO DIMENSIONAL FLOW, CORIOLIS EFFECT, DENSITY DISTRIBUTION, DISK GALAXIES, PROTOSTARS, STELLAR ROTATION},
     year = 1987,
    month = sep,
   volume = 228,
    pages = {1-41},
   adsurl = {http://adsabs.harvard.edu/abs/1987MNRAS.228....1N},
  adsnote = {Provided by the SAO/NASA Astrophysics Data System}
}

@ARTICLE{li03,
   author = {{Li}, L.-X. and {Goodman}, J. and {Narayan}, R.},
    title = "{Nonaxisymmetric g-Mode and p-Mode Instability in a Hydrodynamic Thin Accretion Disk}",
  journal = {\apj},
   eprint = {arXiv:astro-ph/0210455},
 keywords = {Accretion, Accretion Disks, Instabilities, Waves, X-Rays: Binaries},
     year = 2003,
    month = aug,
   volume = 593,
    pages = {980-991},
      doi = {10.1086/376695},
   adsurl = {http://adsabs.harvard.edu/abs/2003ApJ...593..980L},
  adsnote = {Provided by the SAO/NASA Astrophysics Data System}
}

@ARTICLE{regaly12,
   author = {{Reg{\'a}ly}, Z. and {Juh{\'a}sz}, A. and {S{\'a}ndor}, Z. and 
	{Dullemond}, C.~P.},
    title = "{Possible planet-forming regions on submillimetre images}",
  journal = {\mnras},
archivePrefix = "arXiv",
   eprint = {1109.6177},
 primaryClass = "astro-ph.SR",
 keywords = {accretion, accretion discs, hydrodynamics, instabilities, methods: numerical, protoplanetary discs},
     year = 2012,
    month = jan,
   volume = 419,
    pages = {1701-1712},
      doi = {10.1111/j.1365-2966.2011.19834.x},
   adsurl = {http://adsabs.harvard.edu/abs/2012MNRAS.419.1701R},
  adsnote = {Provided by the SAO/NASA Astrophysics Data System}
}

@BOOK{chandrasekhar61,
   author = {{Chandrasekhar}, S.},
    title = "{Hydrodynamic and hydromagnetic stability}",
booktitle = {International Series of Monographs on Physics, Oxford: Clarendon, 1961},
     year = 1961,
   editor = "{Chandrasekhar, S.}",
   adsurl = {http://adsabs.harvard.edu/abs/1961hhs..book.....C},
  adsnote = {Provided by the SAO/NASA Astrophysics Data System}
}

@ARTICLE{chavanis00,
   author = {{Chavanis}, P.~H.},
    title = "{Trapping of dust by coherent vortices in the solar nebula}",
  journal = {\aap},
   eprint = {arXiv:astro-ph/9912087},
 keywords = {ACCRETION, ACCRETION DISKS, HYDRODYNAMICS, TURBULENCE, PLANETS AND SATELLITES: GENERAL, SOLAR SYSTEM: FORMATION, SOLAR SYSTEM: GENERAL},
     year = 2000,
    month = apr,
   volume = 356,
    pages = {1089-1111},
   adsurl = {http://cdsads.u-strasbg.fr/abs/2000A%26A...356.1089C},
  adsnote = {Provided by the SAO/NASA Astrophysics Data System}
}

@ARTICLE{bracco99,
   author = {{Bracco}, A. and {Chavanis}, P.~H. and {Provenzale}, A. and 
	{Spiegel}, E.~A.},
    title = "{Particle aggregation in a turbulent Keplerian flow}",
  journal = {Physics of Fluids},
   eprint = {arXiv:astro-ph/9810336},
 keywords = {Turbulent flows, Particle-laden flows},
     year = 1999,
    month = aug,
   volume = 11,
    pages = {2280-2287},
      doi = {10.1063/1.870090},
   adsurl = {http://adsabs.harvard.edu/abs/1999PhFl...11.2280B},
  adsnote = {Provided by the SAO/NASA Astrophysics Data System}
}

@ARTICLE{muto10,
   author = {{Muto}, T. and {Suzuki}, T.~K. and {Inutsuka}, S.-i.},
    title = "{Two-dimensional Study of the Propagation of Planetary Wake and the Indication of Gap Opening in an Inviscid Protoplanetary Disk}",
  journal = {\apj},
 keywords = {planet-disk interactions, planets and satellites: formation, protoplanetary disks},
     year = 2010,
    month = nov,
   volume = 724,
    pages = {448-463},
      doi = {10.1088/0004-637X/724/1/448},
   adsurl = {http://adsabs.harvard.edu/abs/2010ApJ...724..448M},
  adsnote = {Provided by the SAO/NASA Astrophysics Data System}
}


@ARTICLE{meheut12,
   author = {{Meheut}, H. and {Yu}, C. and {Lai}, D.},
    title = "{\phantom{A}Rossby wave instability in 3D discs}",
  journal = {\mnras},
 keywords = {accretion, accretion discs, hydrodynamics, instabilities, planets and satellites: formation, protoplanetary discs},
     year = 2012,
    month = may,
   volume = 422,
    pages = {2399-2406},
      doi = {10.1111/j.1365-2966.2012.20789.x},
   adsurl = {http://adsabs.harvard.edu/abs/2012MNRAS.422.2399M},
  adsnote = {Provided by the SAO/NASA Astrophysics Data System}
}



@ARTICLE{umurhan12,
   author = {{Umurhan}, O.~M.},
    title = "{Potential vorticity dynamics in the framework of disk shallow-water theory. II. Mixed barotropic-baroclinic instability}",
  journal = {\aap},
archivePrefix = "arXiv",
   eprint = {1203.1686},
 primaryClass = "astro-ph.SR",
 keywords = {accretion, accretion disks, hydrodynamics, instabilities, waves, protoplanetary disks},
     year = 2012,
    month = jul,
   volume = 543,
      eid = {A124},
    pages = {A124},
      doi = {10.1051/0004-6361/201218803},
   adsurl = {http://adsabs.harvard.edu/abs/2012A%26A...543A.124U},
  adsnote = {Provided by the SAO/NASA Astrophysics Data System}
}


@ARTICLE{ogilvie99,
   author = {{Ogilvie}, G.~I. and {Lubow}, S.~H.},
    title = "{The Effect of an Isothermal Atmosphere on the Propagation of Three-dimensional Waves in a Thermally Stratified Accretion Disk}",
  journal = {\apj},
   eprint = {arXiv:astro-ph/9805254},
 keywords = {ACCRETION, ACCRETION DISKS, HYDRODYNAMICS, WAVES},
     year = 1999,
    month = apr,
   volume = 515,
    pages = {767-775},
      doi = {10.1086/307037},
   adsurl = {http://adsabs.harvard.edu/abs/1999ApJ...515..767O},
  adsnote = {Provided by the SAO/NASA Astrophysics Data System}
}

@ARTICLE{zhang06,
   author = {{Zhang}, H. and {Lai}, D.},
    title = "{Wave excitation in three-dimensional discs by external potential}",
  journal = {\mnras},
   eprint = {arXiv:astro-ph/0510069},
 keywords = {accretion, accretion discs , hydrodynamics , waves , binaries: general , planetary systems},
     year = 2006,
    month = may,
   volume = 368,
    pages = {917-934},
      doi = {10.1111/j.1365-2966.2006.10167.x},
   adsurl = {http://adsabs.harvard.edu/abs/2006MNRAS.368..917Z},
  adsnote = {Provided by the SAO/NASA Astrophysics Data System}
}



@ARTICLE{meheut12b,
   author = {{Meheut}, H. and {Keppens}, R. and {Casse}, F. and {Benz}, W.
	},
    title = "{\phantom{B}Formation and long-term evolution of 3D vortices in protoplanetary discs}",
  journal = {\aap},
archivePrefix = "arXiv",
   eprint = {1204.4390},
 primaryClass = "astro-ph.EP",
 keywords = {planets and satellites: formation, protoplanetary disks, hydrodynamics, instabilities, accretion, accretion disks},
     year = 2012,
    month = jun,
   volume = 542,
      eid = {A9},
    pages = {A9},
      doi = {10.1051/0004-6361/201118500},
   adsurl = {http://adsabs.harvard.edu/abs/2012A%26A...542A...9M},
  adsnote = {Provided by the SAO/NASA Astrophysics Data System}
}





@ARTICLE{lin12,
   author = {{Lin}, M.-K.},
    title = "{\phantom{A}Rossby Wave Instability in Locally Isothermal and Polytropic Disks: Three-dimensional Linear Calculations}",
  journal = {\apj},
archivePrefix = "arXiv",
   eprint = {1203.2630},
 primaryClass = "astro-ph.EP",
 keywords = {accretion, accretion disks, hydrodynamics, instabilities, methods: numerical },
     year = 2012,
    month = jul,
   volume = 754,
      eid = {21},
    pages = {21},
      doi = {10.1088/0004-637X/754/1/21},
   adsurl = {http://adsabs.harvard.edu/abs/2012ApJ...754...21L},
  adsnote = {Provided by the SAO/NASA Astrophysics Data System}
}



@book{boyd01,
  title={Chebyshev and Fourier Spectral Methods},
  author={Boyd, J.P.},
  isbn={9780486411835},
  lccn={lc00027475},
  series={Dover books on mathematics},
  url={http://books.google.ca/books?id=lEWnQWyzLQYC},
  year={2001},
  publisher={Dover Publications}
}



@ARTICLE{lyra12,
   author = {{Lyra}, W. and {Mac Low}, M.-M.},
    title = "{Rossby Wave Instability at Dead Zone Boundaries in Three-dimensional Resistive Magnetohydrodynamical Global Models of Protoplanetary Disks}",
  journal = {\apj},
archivePrefix = "arXiv",
   eprint = {1204.5711},
 primaryClass = "astro-ph.EP",
 keywords = {accretion, accretion disks, instabilities, magnetohydrodynamics: MHD, methods: numerical, planets and satellites: formation, protoplanetary disks },
     year = 2012,
    month = sep,
   volume = 756,
      eid = {62},
    pages = {62},
      doi = {10.1088/0004-637X/756/1/62},
   adsurl = {http://adsabs.harvard.edu/abs/2012ApJ...756...62L},
  adsnote = {Provided by the SAO/NASA Astrophysics Data System}
}



@ARTICLE{okusumi11,
   author = {{Okuzumi}, S. and {Hirose}, S.},
    title = "{Modeling Magnetorotational Turbulence in Protoplanetary Disks with Dead Zones}",
  journal = {\apj},
archivePrefix = "arXiv",
   eprint = {1108.4892},
 primaryClass = "astro-ph.EP",
 keywords = {dust, extinction, planets and satellites: formation, protoplanetary disks },
     year = 2011,
    month = dec,
   volume = 742,
      eid = {65},
    pages = {65},
      doi = {10.1088/0004-637X/742/2/65},
   adsurl = {http://adsabs.harvard.edu/abs/2011ApJ...742...65O},
  adsnote = {Provided by the SAO/NASA Astrophysics Data System}
}

@ARTICLE{martin12,
   author = {{Martin}, R.~G. and {Lubow}, S.~H. and {Livio}, M. and {Pringle}, J.~E.
	},
    title = "{Dead zones around young stellar objects: dependence on physical parameters}",
  journal = {\mnras},
archivePrefix = "arXiv",
   eprint = {1112.3364},
 primaryClass = "astro-ph.SR",
 keywords = {accretion, accretion discs, protoplanetary discs, stars: pre-main-sequence},
     year = 2012,
    month = mar,
   volume = 420,
    pages = {3139-3146},
      doi = {10.1111/j.1365-2966.2011.20241.x},
   adsurl = {http://adsabs.harvard.edu/abs/2012MNRAS.420.3139M},
  adsnote = {Provided by the SAO/NASA Astrophysics Data System}
}

@ARTICLE{klahr04,
   author = {{Klahr}, H.},
    title = "{The Global Baroclinic Instability in Accretion Disks. II. Local Linear Analysis}",
  journal = {\apj},
   eprint = {arXiv:astro-ph/0401449},
 keywords = {Accretion, Accretion Disks, Stars: Circumstellar Matter, Hydrodynamics, Instabilities, Methods: Numerical, Turbulence},
     year = 2004,
    month = may,
   volume = 606,
    pages = {1070-1082},
      doi = {10.1086/383119},
   adsurl = {http://adsabs.harvard.edu/abs/2004ApJ...606.1070K},
  adsnote = {Provided by the SAO/NASA Astrophysics Data System}
}


@ARTICLE{kato01,
   author = {{Kato}, S.},
    title = "{Basic Properties of Thin-Disk Oscillations}",
  journal = {\pasj},
 keywords = {ACCRETION, ACCRETION DISKS, HYDRODYNAMICS, INSTABILITIES, VISCOUS PULSATIONAL, OSCILLATIONS, TRAPPED, GLOBAL, X-RAYS: STARS},
     year = 2001,
    month = feb,
   volume = 53,
    pages = {1-24},
   adsurl = {http://adsabs.harvard.edu/abs/2001PASJ...53....1K},
  adsnote = {Provided by the SAO/NASA Astrophysics Data System}
}

@ARTICLE{lubow98,
   author = {{Lubow}, S.~H. and {Ogilvie}, G.~I.},
    title = "{Three-dimensional Waves Generated at Lindblad Resonances in Thermally Stratified Disks}",
  journal = {\apj},
   eprint = {arXiv:astro-ph/9804063},
 keywords = {ACCRETION, ACCRETION DISKS, STARS: BINARIES: CLOSE, STARS: PLANETARY SYSTEMS, SOLAR SYSTEM: FORMATION, STARS: PRE-MAIN-SEQUENCE},
     year = 1998,
    month = sep,
   volume = 504,
    pages = {983},
      doi = {10.1086/306104},
   adsurl = {http://adsabs.harvard.edu/abs/1998ApJ...504..983L},
  adsnote = {Provided by the SAO/NASA Astrophysics Data System}
}


@ARTICLE{kojima89,
   author = {{Kojima}, Y. and {Miyama}, S.~M. and {Kubotani}, H.},
    title = "{Effects of entropy distributions on non-axisymmetric unstable modes in differentially rotating tori and cylinders}",
  journal = {\mnras},
 keywords = {ACCRETION DISKS, BLACK HOLES (ASTRONOMY), ENTROPY, ROTATING CYLINDERS, ROTATING DISKS, TORUSES, ANGULAR MOMENTUM, BODIES OF REVOLUTION, COMPUTATIONAL ASTROPHYSICS, ROTATING MATTER},
     year = 1989,
    month = may,
   volume = 238,
    pages = {753-768},
   adsurl = {http://adsabs.harvard.edu/abs/1989MNRAS.238..753K},
  adsnote = {Provided by the SAO/NASA Astrophysics Data System}
}

@ARTICLE{zhuravlev07,
   author = {{Zhuravlev}, V.~V. and {Shakura}, N.~I.},
    title = "{Dynamical instability of laminar axisymmetric flows of ideal fluid with stratification}",
  journal = {Astronomy Letters},
archivePrefix = "arXiv",
   eprint = {0709.1833},
     year = 2007,
    month = nov,
   volume = 33,
    pages = {740-754},
      doi = {10.1134/S1063773707110059},
   adsurl = {http://adsabs.harvard.edu/abs/2007AstL...33..740Z},
  adsnote = {Provided by the SAO/NASA Astrophysics Data System}
}


@ARTICLE{lin12b,
   author = {{Lin}, M.-K.},
    title = "{\phantom{B}Vortex and spiral instabilities at gap edges in three-dimensional self-gravitating disc-satellite simulations}",
  journal = {\mnras},
archivePrefix = "arXiv",
   eprint = {1205.4034},
 primaryClass = "astro-ph.EP",
 keywords = {hydrodynamics, instabilities, methods: numerical, planet-disc interactions, protoplanetary discs, planetary systems},
     year = 2012,
    month = nov,
   volume = 426,
    pages = {3211-3224},
      doi = {10.1111/j.1365-2966.2012.21955.x},
   adsurl = {http://adsabs.harvard.edu/abs/2012MNRAS.426.3211L},
  adsnote = {Provided by the SAO/NASA Astrophysics Data System}
}



@ARTICLE{lin12c,
   author = {{Lin}, M.-K.},
    title = "{Effects of upper disc boundary conditions on the linear Rossby wave instability}",
  journal = {\mnras},
archivePrefix = "arXiv",
   eprint = {1210.6656},
 primaryClass = "astro-ph.EP",
 keywords = {accretion, accretion discs, hydrodynamics, instabilities, methods: numerical},
     year = 2013,
    month = jan,
   volume = 428,
    pages = {190-194},
      doi = {10.1093/mnras/sts036},
   adsurl = {http://adsabs.harvard.edu/abs/2013MNRAS.428..190L},
  adsnote = {Provided by the SAO/NASA Astrophysics Data System}
}


@ARTICLE{hayes06,
   author = {{Hayes}, J.~C. and {Norman}, M.~L. and {Fiedler}, R.~A. and
        {Bordner}, J.~O. and {Li}, P.~S. and {Clark}, S.~E. and {ud-Doula}, A. and
        {Mac Low}, {M.-M.}},
    title = "{Simulating Radiating and Magnetized Flows in Multiple Dimensions with ZEUS-MP}",
  journal = {\apjs},
   eprint = {arXiv:astro-ph/0511545},
 keywords = {Hydrodynamics, Methods: Numerical, Magnetohydrodynamics: MHD, Radiative Transfer},
     year = 2006,
    month = jul,
   volume = 165,
    pages = {188-228},
      doi = {10.1086/504594},
   adsurl = {http://adsabs.harvard.edu/abs/2006ApJS..165..188H},
  adsnote = {Provided by the SAO/NASA Astrophysics Data System}
}

@ARTICLE{kojima86,
   author = {{Kojima}, Y.},
    title = "{The Dynamical Stability of a Fat Disk with Constant Specific Angular Momentum}",
  journal = {Progress of Theoretical Physics},
     year = 1986,
    month = feb,
   volume = 75,
    pages = {251-261},
      doi = {10.1143/PTP.75.251},
   adsurl = {http://adsabs.harvard.edu/abs/1986PThPh..75..251K},
  adsnote = {Provided by the SAO/NASA Astrophysics Data System}
}
@ARTICLE{muto11,
   author = {{Muto}, T.},
    title = "{The Structure of a Self-gravitating Protoplanetary Disk and Its Implications for Direct Imaging Observations}",
  journal = {\apj},
archivePrefix = "arXiv",
   eprint = {1106.5224},
 primaryClass = "astro-ph.EP",
 keywords = {protoplanetary disks},
     year = 2011,
    month = sep,
   volume = 739,
      eid = {10},
    pages = {10},
      doi = {10.1088/0004-637X/739/1/10},
   adsurl = {http://adsabs.harvard.edu/abs/2011ApJ...739...10M},
  adsnote = {Provided by the SAO/NASA Astrophysics Data System}
}



@ARTICLE{frank88,
   author = {{Frank}, J. and {Robertson}, J.~A.},
    title = "{Numerical studies of the dynamical stability of differentially rotating tori}",
  journal = {\mnras},
 keywords = {ACCRETION DISKS, ACTIVE GALACTIC NUCLEI, DYNAMIC STABILITY, NUMERICAL INTEGRATION, QUASARS, TORUSES, ANGULAR MOMENTUM, ASTRONOMICAL MODELS, DIFFERENCE EQUATIONS, ENTROPY, FINITE DIFFERENCE THEORY, LINEAR EQUATIONS, PERTURBATION THEORY, TOROIDAL PLASMAS},
     year = 1988,
    month = may,
   volume = 232,
    pages = {1-33},
   adsurl = {http://adsabs.harvard.edu/abs/1988MNRAS.232....1F},
  adsnote = {Provided by the SAO/NASA Astrophysics Data System}
}

@ARTICLE{kojima89b,
   author = {{Kojima}, Y.},
    title = "{Non-axisymmetric unstable modes of a differentially rotating torus}",
  journal = {\mnras},
 keywords = {COMPUTATIONAL ASTROPHYSICS, FLOW STABILITY, MAGNETOHYDRODYNAMIC FLOW, ROTATING FLUIDS, TOROIDS, COMPUTATIONAL FLUID DYNAMICS, COMPUTATIONAL GRIDS, FINITE ELEMENT METHOD, GALERKIN METHOD, REYNOLDS STRESS, THREE DIMENSIONAL FLOW},
     year = 1989,
    month = feb,
   volume = 236,
    pages = {589-602},
   adsurl = {http://adsabs.harvard.edu/abs/1989MNRAS.236..589K},
  adsnote = {Provided by the SAO/NASA Astrophysics Data System}
}

@BOOK{tassoul00,
   author = {{Tassoul}, J.-L.},
    title = "{Stellar Rotation}",
booktitle = {Stellar rotation / Jean-Louis Tassoul.~Cambridge ; New York : Cambridge University Press, 2000.~(Cambridge astrophysics series ; 36)},
     year = 2000,
    month = apr,
   adsurl = {http://adsabs.harvard.edu/abs/2000stro.book.....T},
  adsnote = {Provided by the SAO/NASA Astrophysics Data System}
}


@ARTICLE{meheut12c,
   author = {{Meheut}, H. and {Meliani}, Z. and {Varniere}, P. and {Benz}, W.
	},
    title = "{Dust-trapping Rossby vortices in protoplanetary disks}",
  journal = {\aap},
archivePrefix = "arXiv",
   eprint = {1208.4947},
 primaryClass = "astro-ph.EP",
 keywords = {planets and satellites: formation, protoplanetary disks, hydrodynamics, instabilities, accretion, accretion disks},
     year = 2012,
    month = sep,
   volume = 545,
      eid = {A134},
    pages = {A134},
      doi = {10.1051/0004-6361/201219794},
   adsurl = {http://adsabs.harvard.edu/abs/2012A%26A...545A.134M},
  adsnote = {Provided by the SAO/NASA Astrophysics Data System}
}



@ARTICLE{ruden88,
   author = {{Ruden}, S.~P. and {Papaloizou}, J.~C.~B. and {Lin}, D.~N.~C.
	},
    title = "{Axisymmetric perturbations of thin gaseous disks. I - Unstable convective modes and their consequences for the solar nebula}",
  journal = {\apj},
 keywords = {ACCRETION DISKS, HYDRODYNAMIC EQUATIONS, PERTURBATION THEORY, ROTATING DISKS, SOLAR SYSTEM, STAR FORMATION, ADIABATIC CONDITIONS, ANGULAR MOMENTUM, BRUNT-VAISALA FREQUENCY, TURBULENT MIXING},
     year = 1988,
    month = jun,
   volume = 329,
    pages = {739-763},
      doi = {10.1086/166418},
   adsurl = {http://adsabs.harvard.edu/abs/1988ApJ...329..739R},
  adsnote = {Provided by the SAO/NASA Astrophysics Data System}
}

@ARTICLE{paardekooper10,
   author = {{Paardekooper}, S.-J. and {Baruteau}, C. and {Crida}, A. and 
	{Kley}, W.},
    title = "{A torque formula for non-isothermal type I planetary migration - I. Unsaturated horseshoe drag}",
  journal = {\mnras},
archivePrefix = "arXiv",
   eprint = {0909.4552},
 primaryClass = "astro-ph.EP",
 keywords = {planets and satellites: formation, planetary systems: formation},
     year = 2010,
    month = jan,
   volume = 401,
    pages = {1950-1964},
      doi = {10.1111/j.1365-2966.2009.15782.x},
   adsurl = {http://adsabs.harvard.edu/abs/2010MNRAS.401.1950P},
  adsnote = {Provided by the SAO/NASA Astrophysics Data System}
}


@ARTICLE{barranco05,
   author = {{Barranco}, J.~A. and {Marcus}, P.~S.},
    title = "{Three-dimensional Vortices in Stratified Protoplanetary Disks}",
  journal = {\apj},
   eprint = {arXiv:astro-ph/0501267},
 keywords = {Accretion, Accretion Disks, Hydrodynamics, Stars: Planetary Systems: Protoplanetary Disks},
     year = 2005,
    month = apr,
   volume = 623,
    pages = {1157-1170},
      doi = {10.1086/428639},
   adsurl = {http://adsabs.harvard.edu/abs/2005ApJ...623.1157B},
  adsnote = {Provided by the SAO/NASA Astrophysics Data System}
}

@ARTICLE{inaba06,
   author = {{Inaba}, S. and {Barge}, P.},
    title = "{Dusty Vortices in Protoplanetary Disks}",
  journal = {\apj},
 keywords = {Hydrodynamics, Methods: Numerical, Stars: Planetary Systems: Protoplanetary Disks, Solar System: Formation},
     year = 2006,
    month = sep,
   volume = 649,
    pages = {415-427},
      doi = {10.1086/506427},
   adsurl = {http://adsabs.harvard.edu/abs/2006ApJ...649..415I},
  adsnote = {Provided by the SAO/NASA Astrophysics Data System}
}



@ARTICLE{lovelace12,
   author = {{Lovelace}, R.~V.~E. and {Hohlfeld}, R.~G.},
    title = "{Rossby wave instability with self-gravity}",
  journal = {\mnras},
archivePrefix = "arXiv",
   eprint = {1212.0443},
 primaryClass = "astro-ph.SR",
 keywords = {accretion, accretion discs, hydrodynamics, instabilities, waves, galaxies: spiral},
     year = 2012,
    month = dec,
    pages = {325},
      doi = {10.1093/mnras/sts361},
   adsurl = {http://adsabs.harvard.edu/abs/2012MNRAS.tmp..325L},
  adsnote = {Provided by the SAO/NASA Astrophysics Data System}
}

@ARTICLE{nelson12,
   author = {{Nelson}, R.~P. and {Gressel}, O. and {Umurhan}, O.~M.},
    title = "{Linear and nonlinear evolution of the vertical shear instability in accretion discs}",
  journal = {ArXiv e-prints},
archivePrefix = "arXiv",
   eprint = {1209.2753},
 primaryClass = "astro-ph.EP",
 keywords = {Astrophysics - Earth and Planetary Astrophysics},
     year = 2012,
    month = sep,
   adsurl = {http://adsabs.harvard.edu/abs/2012arXiv1209.2753N},
  adsnote = {Provided by the SAO/NASA Astrophysics Data System}
}

@ARTICLE{mignone07,
   author = {{Mignone}, A. and {Bodo}, G. and {Massaglia}, S. and {Matsakos}, T. and 
	{Tesileanu}, O. and {Zanni}, C. and {Ferrari}, A.},
    title = "{PLUTO: A Numerical Code for Computational Astrophysics}",
  journal = {\apjs},
   eprint = {arXiv:astro-ph/0701854},
 keywords = {Hydrodynamics, Methods: Numerical, Magnetohydrodynamics: MHD, Relativity, Shock Waves},
     year = 2007,
    month = may,
   volume = 170,
    pages = {228-242},
      doi = {10.1086/513316},
   adsurl = {http://adsabs.harvard.edu/abs/2007ApJS..170..228M},
  adsnote = {Provided by the SAO/NASA Astrophysics Data System}
}

@ARTICLE{mignone12,
   author = {{Mignone}, A. and {Flock}, M. and {Stute}, M. and {Kolb}, S.~M. and 
	{Muscianisi}, G.},
    title = "{A conservative orbital advection scheme for simulations of magnetized shear flows with the PLUTO code}",
  journal = {\aap},
archivePrefix = "arXiv",
   eprint = {1207.2955},
 primaryClass = "astro-ph.IM",
 keywords = {methods: numerical, accretion, accretion disks, protoplanetary disks, magnetohydrodynamics (MHD), turbulence},
     year = 2012,
    month = sep,
   volume = 545,
      eid = {A152},
    pages = {A152},
      doi = {10.1051/0004-6361/201219557},
   adsurl = {http://adsabs.harvard.edu/abs/2012A%26A...545A.152M},
  adsnote = {Provided by the SAO/NASA Astrophysics Data System}
}

@ARTICLE{bate02,
   author = {{Bate}, M.~R. and {Ogilvie}, G.~I. and {Lubow}, S.~H. and {Pringle}, J.~E.
	},
    title = "{The excitation, propagation and dissipation of waves in accretion discs: the non-linear axisymmetric case}",
  journal = {\mnras},
   eprint = {arXiv:astro-ph/0201149},
 keywords = {accretion, accretion discs, hydrodynamics, waves, binaries: general},
     year = 2002,
    month = may,
   volume = 332,
    pages = {575-600},
      doi = {10.1046/j.1365-8711.2002.05289.x},
   adsurl = {http://adsabs.harvard.edu/abs/2002MNRAS.332..575B},
  adsnote = {Provided by the SAO/NASA Astrophysics Data System}
}

@ARTICLE{lin13,
   author = {{Lin}, M.-K.},
    title = "{Non-barotropic Linear Rossby Wave Instability in Three-dimensional Disks}",
  journal = {\apj},
archivePrefix = "arXiv",
   eprint = {1209.0470},
 primaryClass = "astro-ph.EP",
 keywords = {accretion, accretion disks, hydrodynamics, instabilities, methods: analytical, methods: numerical, protoplanetary disks },
     year = 2013,
    month = mar,
   volume = 765,
      eid = {84},
    pages = {84},
      doi = {10.1088/0004-637X/765/2/84},
   adsurl = {http://adsabs.harvard.edu/abs/2013ApJ...765...84L},
  adsnote = {Provided by the SAO/NASA Astrophysics Data System}
}




@ARTICLE{valborro06,
   author = {{de Val-Borro}, M. and {Edgar}, R.~G. and {Artymowicz}, P. and 
	{Ciecielag}, P. and {Cresswell}, P. and {D'Angelo}, G. and {Delgado-Donate}, E.~J. and 
	{Dirksen}, G. and {Fromang}, S. and {Gawryszczak}, A. and {Klahr}, H. and 
	{Kley}, W. and {Lyra}, W. and {Masset}, F. and {Mellema}, G. and 
	{Nelson}, R.~P. and {Paardekooper}, S.-J. and {Peplinski}, A. and 
	{Pierens}, A. and {Plewa}, T. and {Rice}, K. and {Sch{\"a}fer}, C. and 
	{Speith}, R.},
    title = "{A comparative study of disc-planet interaction}",
  journal = {\mnras},
   eprint = {arXiv:astro-ph/0605237},
 keywords = {accretion, accretion discs: hydrodynamics: planets and satellites: general, accretion discs, hydrodynamics, planets and satellites: general},
     year = 2006,
    month = aug,
   volume = 370,
    pages = {529-558},
      doi = {10.1111/j.1365-2966.2006.10488.x},
   adsurl = {http://adsabs.harvard.edu/abs/2006MNRAS.370..529D},
  adsnote = {Provided by the SAO/NASA Astrophysics Data System}
}

@ARTICLE{mudryk09,
   author = {{Mudryk}, L.~R. and {Murray}, N.~W.},
    title = "{RAPID: A fast, high resolution, flux-conservative algorithm designed for planet disk interactions}",
  journal = {\na},
archivePrefix = "arXiv",
   eprint = {0812.2938},
 keywords = {95.30.Lz, 95.75.Pq, 97.10.Gz, 97.82.Jw},
     year = 2009,
    month = jan,
   volume = 14,
    pages = {71-87},
      doi = {10.1016/j.newast.2008.05.002},
   adsurl = {http://adsabs.harvard.edu/abs/2009NewA...14...71M},
  adsnote = {Provided by the SAO/NASA Astrophysics Data System}
}


@ARTICLE{takeuchi02,
   author = {{Takeuchi}, T. and {Lin}, D.~N.~C.},
    title = "{Radial Flow of Dust Particles in Accretion Disks}",
  journal = {\apj},
   eprint = {arXiv:astro-ph/0208552},
 keywords = {Accretion, Accretion Disks, Stars: Planetary Systems: Formation, Solar System: Formation},
     year = 2002,
    month = dec,
   volume = 581,
    pages = {1344-1355},
      doi = {10.1086/344437},
   adsurl = {http://adsabs.harvard.edu/abs/2002ApJ...581.1344T},
  adsnote = {Provided by the SAO/NASA Astrophysics Data System}
}

@ARTICLE{fromang11,
   author = {{Fromang}, S. and {Lyra}, W. and {Masset}, F.},
    title = "{Meridional circulation in turbulent protoplanetary disks}",
  journal = {\aap},
archivePrefix = "arXiv",
   eprint = {1102.0671},
 primaryClass = "astro-ph.EP",
 keywords = {methods: numerical, magnetohydrodynamics (MHD), accretion, accretion disks, protoplanetary disks},
     year = 2011,
    month = oct,
   volume = 534,
      eid = {A107},
    pages = {A107},
      doi = {10.1051/0004-6361/201016068},
   adsurl = {http://adsabs.harvard.edu/abs/2011A%26A...534A.107F},
  adsnote = {Provided by the SAO/NASA Astrophysics Data System}
}

@ARTICLE{lyndenbell74,
   author = {{Lynden-Bell}, D. and {Pringle}, J.~E.},
    title = "{The evolution of viscous discs and the origin of the nebular variables.}",
  journal = {\mnras},
     year = 1974,
    month = sep,
   volume = 168,
    pages = {603-637},
   adsurl = {http://adsabs.harvard.edu/abs/1974MNRAS.168..603L},
  adsnote = {Provided by the SAO/NASA Astrophysics Data System}
}

@ARTICLE{pringle81,
   author = {{Pringle}, J.~E.},
    title = "{Accretion discs in astrophysics}",
  journal = {\araa},
 keywords = {ASTROPHYSICS, DISKS (SHAPES), GRAVITATIONAL EFFECTS, MASS TRANSFER, RADIATIVE TRANSFER, STELLAR MASS ACCRETION, ANGULAR MOMENTUM, CIRCULAR ORBITS, NEUTRON STARS, ORBITAL MECHANICS, ROTATING FLUIDS, STELLAR RADIATION, VISCOSITY},
     year = 1981,
   volume = 19,
    pages = {137-162},
      doi = {10.1146/annurev.aa.19.090181.001033},
   adsurl = {http://adsabs.harvard.edu/abs/1981ARA%26A..19..137P},
  adsnote = {Provided by the SAO/NASA Astrophysics Data System}
}


@ARTICLE{meheut13,
   author = {{Meheut}, H. and {Lovelace}, R.~V.~E. and {Lai}, D.},
    title = "{How strong are the Rossby vortices?}",
  journal = {ArXiv e-prints},
archivePrefix = "arXiv",
   eprint = {1301.0689},
 primaryClass = "astro-ph.SR",
 keywords = {Astrophysics - Solar and Stellar Astrophysics, Astrophysics - Earth and Planetary Astrophysics, Astrophysics - High Energy Astrophysical Phenomena},
     year = 2013,
    month = jan,
   adsurl = {http://adsabs.harvard.edu/abs/2013arXiv1301.0689M},
  adsnote = {Provided by the SAO/NASA Astrophysics Data System}
}

@ARTICLE{pierens10,
   author = {{Pierens}, A. and {Nelson}, R.~P.},
    title = "{On the growth and orbital evolution of giant planets in layered protoplanetary disks}",
  journal = {\aap},
archivePrefix = "arXiv",
   eprint = {1006.4796},
 primaryClass = "astro-ph.EP",
 keywords = {accretion, accretion disks, planets and satellites: formation, planet-disk interactions, hydrodynamics, methods: numerical},
     year = 2010,
    month = sep,
   volume = 520,
      eid = {A14},
    pages = {A14},
      doi = {10.1051/0004-6361/201014863},
   adsurl = {http://adsabs.harvard.edu/abs/2010A%26A...520A..14P},
  adsnote = {Provided by the SAO/NASA Astrophysics Data System}
}


@ARTICLE{lin13a,
   author = {{Lin}, M.-K.},
    title = "{Effects of upper disc boundary conditions on the linear Rossby wave instability}",
  journal = {\mnras},
archivePrefix = "arXiv",
   eprint = {1210.6656},
 primaryClass = "astro-ph.EP",
 keywords = {accretion, accretion discs, hydrodynamics, instabilities, methods: numerical},
     year = 2013,
    month = jan,
   volume = 428,
    pages = {190-194},
      doi = {10.1093/mnras/sts036},
   adsurl = {http://adsabs.harvard.edu/abs/2013MNRAS.428..190L},
  adsnote = {Provided by the SAO/NASA Astrophysics Data System}
}

@ARTICLE{edgar08,
   author = {{Edgar}, R.~G. and {Quillen}, A.~C.},
    title = "{The vertical structure of planet-induced gaps in protoplanetary discs}",
  journal = {\mnras},
archivePrefix = "arXiv",
   eprint = {0709.1649},
 keywords = {planetary systems: protoplanetary discs},
     year = 2008,
    month = jun,
   volume = 387,
    pages = {387-396},
      doi = {10.1111/j.1365-2966.2008.13242.x},
   adsurl = {http://adsabs.harvard.edu/abs/2008MNRAS.387..387E},
  adsnote = {Provided by the SAO/NASA Astrophysics Data System}
}

@INPROCEEDINGS{richard13,
   author = {{Richard}, S. and {Barge}, P.},
    title = "{Structure and evolution of 3D Rossby Vortices}",
booktitle = {Instabilties and Structures in Proto-Planetary disks},
     year = 2013,
   series = {European Physical Journal Web of Conferences},
   volume = 46,
    month = apr,
      eid = {03002},
    pages = {3002},
      doi = {10.1051/epjconf/20134603002},
   adsurl = {http://adsabs.harvard.edu/abs/2013EPJWC..4603002R},
  adsnote = {Provided by the SAO/NASA Astrophysics Data System}
}

@ARTICLE{brown09,
   author = {{Brown}, J.~M. and {Blake}, G.~A. and {Qi}, C. and {Dullemond}, C.~P. and 
	{Wilner}, D.~J. and {Williams}, J.~P.},
    title = "{Evidence for Dust Clearing Through Resolved Submillimeter Imaging}",
  journal = {\apj},
archivePrefix = "arXiv",
   eprint = {0909.5595},
 primaryClass = "astro-ph.SR",
 keywords = {planetary systems: protoplanetary disks, stars: pre-main sequence},
     year = 2009,
    month = oct,
   volume = 704,
    pages = {496-502},
      doi = {10.1088/0004-637X/704/1/496},
   adsurl = {http://adsabs.harvard.edu/abs/2009ApJ...704..496B},
  adsnote = {Provided by the SAO/NASA Astrophysics Data System}
}

@ARTICLE{casassus13,
   author = {{Casassus}, S. and {van der Plas}, G. and {M}, S.~P. and {Dent}, W.~R.~F. and 
	{Fomalont}, E. and {Hagelberg}, J. and {Hales}, A. and {Jord{\'a}n}, A. and 
	{Mawet}, D. and {M{\'e}nard}, F. and {Wootten}, A. and {Wilner}, D. and 
	{Hughes}, A.~M. and {Schreiber}, M.~R. and {Girard}, J.~H. and 
	{Ercolano}, B. and {Canovas}, H. and {Rom{\'a}n}, P.~E. and 
	{Salinas}, V.},
    title = "{Flows of gas through a protoplanetary gap}",
  journal = {\nat},
archivePrefix = "arXiv",
   eprint = {1305.6062},
 primaryClass = "astro-ph.GA",
     year = 2013,
    month = jan,
   volume = 493,
    pages = {191-194},
      doi = {10.1038/nature11769},
   adsurl = {http://adsabs.harvard.edu/abs/2013Natur.493..191C},
  adsnote = {Provided by the SAO/NASA Astrophysics Data System}
}


@ARTICLE{marel13,
   author = {{van der Marel}, N. and {van Dishoeck}, E.~F. and {Bruderer}, S. and 
	{Birnstiel}, T. and {Pinilla}, P. and {Dullemond}, C.~P. and 
	{van Kempen}, T.~A. and {Schmalzl}, M. and {Brown}, J.~M. and 
	{Herczeg}, G.~J. and {Matthews}, G.~S. and {Geers}, V.},
    title = "{A major asymmetric dust trap in a transition disk.}",
  journal = {Science},
archivePrefix = "arXiv",
   eprint = {1306.1768},
 primaryClass = "astro-ph.EP",
     year = 2013,
   volume = 340,
    pages = {1199-1202},
   adsurl = {http://adsabs.harvard.edu/abs/2013Sci...340.1199V},
  adsnote = {Provided by the SAO/NASA Astrophysics Data System}
}

@ARTICLE{birnstiel13,
   author = {{Birnstiel}, T. and {Dullemond}, C.~P. and {Pinilla}, P.},
    title = "{Lopsided dust rings in transition disks}",
  journal = {\aap},
archivePrefix = "arXiv",
   eprint = {1301.1976},
 primaryClass = "astro-ph.EP",
 keywords = {accretion, accretion disks, protoplanetary disks, stars: pre-main sequence, planets and satellites: formation, submillimeter: planetary systems, circumstellar matter},
     year = 2013,
    month = feb,
   volume = 550,
      eid = {L8},
    pages = {L8},
      doi = {10.1051/0004-6361/201220847},
   adsurl = {http://adsabs.harvard.edu/abs/2013A%26A...550L...8B},
  adsnote = {Provided by the SAO/NASA Astrophysics Data System}
}

@ARTICLE{ataiee13,
   author = {{Ataiee}, S. and {Pinilla}, P. and {Zsom}, A. and {Dullemond}, C.~P. and 
	{Dominik}, C. and {Ghanbari}, J.},
    title = "{Asymmetric transition disks: Vorticity or eccentricity?}",
  journal = {\aap},
archivePrefix = "arXiv",
   eprint = {1304.1736},
 primaryClass = "astro-ph.EP",
 keywords = {accretion, accretion disks, protoplanetary disks, planet-disk interactions, hydrodynamics},
     year = 2013,
    month = may,
   volume = 553,
      eid = {L3},
    pages = {L3},
      doi = {10.1051/0004-6361/201321125},
   adsurl = {http://adsabs.harvard.edu/abs/2013A%26A...553L...3A},
  adsnote = {Provided by the SAO/NASA Astrophysics Data System}
}

@ARTICLE{mayama12,
   author = {{Mayama}, S. and {Hashimoto}, J. and {Muto}, T. and {Tsukagoshi}, T. and 
	{Kusakabe}, N. and {Kuzuhara}, M. and {Takahashi}, Y. and {Kudo}, T. and 
	{Dong}, R. and {Fukagawa}, M. and {Takami}, M. and {Momose}, M. and 
	{Wisniewski}, J.~P. and {Follette}, K. and {Abe}, L. and {Akiyama}, E. and 
	{Brandner}, W. and {Brandt}, T. and {Carson}, J. and {Egner}, S. and 
	{Feldt}, M. and {Goto}, M. and {Grady}, C.~A. and {Guyon}, O. and 
	{Hayano}, Y. and {Hayashi}, M. and {Hayashi}, S. and {Henning}, T. and 
	{Hodapp}, K.~W. and {Ishii}, M. and {Iye}, M. and {Janson}, M. and 
	{Kandori}, R. and {Kwon}, J. and {Knapp}, G.~R. and {Matsuo}, T. and 
	{McElwain}, M.~W. and {Miyama}, S. and {Morino}, J.-I. and {Moro-Martin}, A. and 
	{Nishimura}, T. and {Pyo}, T.-S. and {Serabyn}, E. and {Suto}, H. and 
	{Suzuki}, R. and {Takato}, N. and {Terada}, H. and {Thalmann}, C. and 
	{Tomono}, D. and {Turner}, E.~L. and {Watanabe}, M. and {Yamada}, T. and 
	{Takami}, H. and {Usuda}, T. and {Tamura}, M.},
    title = "{Subaru Imaging of Asymmetric Features in a Transitional Disk in Upper Scorpius}",
  journal = {\apjl},
archivePrefix = "arXiv",
   eprint = {1211.3284},
 primaryClass = "astro-ph.SR",
 keywords = {planetary systems, protoplanetary disks, stars: pre-main sequence, techniques: polarimetric},
     year = 2012,
    month = dec,
   volume = 760,
      eid = {L26},
    pages = {L26},
      doi = {10.1088/2041-8205/760/2/L26},
   adsurl = {http://adsabs.harvard.edu/abs/2012ApJ...760L..26M},
  adsnote = {Provided by the SAO/NASA Astrophysics Data System}
}

@ARTICLE{shakura73,
   author = {{Shakura}, N.~I. and {Sunyaev}, R.~A.},
    title = "{Black holes in binary systems. Observational appearance.}",
  journal = {\aap},
     year = 1973,
   volume = 24,
    pages = {337-355},
   adsurl = {http://adsabs.harvard.edu/abs/1973A%26A....24..337S},
  adsnote = {Provided by the SAO/NASA Astrophysics Data System}
}

@ARTICLE{fleming03,
   author = {{Fleming}, T. and {Stone}, J.~M.},
    title = "{Local Magnetohydrodynamic Models of Layered Accretion Disks}",
  journal = {\apj},
   eprint = {arXiv:astro-ph/0210541},
 keywords = {Accretion, Accretion Disks, Magnetohydrodynamics: MHD},
     year = 2003,
    month = mar,
   volume = 585,
    pages = {908-920},
      doi = {10.1086/345848},
   adsurl = {http://adsabs.harvard.edu/abs/2003ApJ...585..908F},
  adsnote = {Provided by the SAO/NASA Astrophysics Data System}
}

@ARTICLE{fromang13,
   author = {{Fromang}, S.},
    title = "{MRI-driven angular momentum transport in protoplanetary disks}",
  journal = {ArXiv e-prints},
archivePrefix = "arXiv",
   eprint = {1305.3416},
 primaryClass = "astro-ph.SR",
 keywords = {Astrophysics - Solar and Stellar Astrophysics, Astrophysics - Earth and Planetary Astrophysics, Astrophysics - High Energy Astrophysical Phenomena},
     year = 2013,
    month = may,
   adsurl = {http://adsabs.harvard.edu/abs/2013arXiv1305.3416F},
  adsnote = {Provided by the SAO/NASA Astrophysics Data System}
}

@ARTICLE{okuzumi11,
   author = {{Okuzumi}, S. and {Hirose}, S.},
    title = "{Modeling Magnetorotational Turbulence in Protoplanetary Disks with Dead Zones}",
  journal = {\apj},
archivePrefix = "arXiv",
   eprint = {1108.4892},
 primaryClass = "astro-ph.EP",
 keywords = {dust, extinction, planets and satellites: formation, protoplanetary disks},
     year = 2011,
    month = dec,
   volume = 742,
      eid = {65},
    pages = {65},
      doi = {10.1088/0004-637X/742/2/65},
   adsurl = {http://adsabs.harvard.edu/abs/2011ApJ...742...65O},
  adsnote = {Provided by the SAO/NASA Astrophysics Data System}
}

@ARTICLE{oishi09,
   author = {{Oishi}, J.~S. and {Mac Low}, M.-M.},
    title = "{On Hydrodynamic Motions in Dead Zones}",
  journal = {\apj},
archivePrefix = "arXiv",
   eprint = {0909.0505},
 primaryClass = "astro-ph.EP",
 keywords = {MHD, planetary systems: protoplanetary disks},
     year = 2009,
    month = oct,
   volume = 704,
    pages = {1239-1250},
      doi = {10.1088/0004-637X/704/2/1239},
   adsurl = {http://adsabs.harvard.edu/abs/2009ApJ...704.1239O},
  adsnote = {Provided by the SAO/NASA Astrophysics Data System}
}

@ARTICLE{landry13,
   author = {{Landry}, R. and {Dodson-Robinson}, S.~E. and {Turner}, N.~J. and 
	{Abram}, G.},
    title = "{Protostellar Disk Evolution over Million-year Timescales with a Prescription for Magnetized Turbulence}",
  journal = {\apj},
archivePrefix = "arXiv",
   eprint = {1305.0770},
 primaryClass = "astro-ph.EP",
 keywords = {accretion, accretion disks, instabilities, magnetic fields, magnetohydrodynamics: MHD, protoplanetary disks, stars: formation},
     year = 2013,
    month = jul,
   volume = 771,
      eid = {80},
    pages = {80},
      doi = {10.1088/0004-637X/771/2/80},
   adsurl = {http://adsabs.harvard.edu/abs/2013ApJ...771...80L},
  adsnote = {Provided by the SAO/NASA Astrophysics Data System}
}

@ARTICLE{flaig11,
   author = {{Flaig}, M. and {Ruoff}, P. and {Kley}, W. and {Kissmann}, R.
	},
    title = "{Global structure of magnetorotationally turbulent protoplanetary discs}",
  journal = {\mnras},
archivePrefix = "arXiv",
   eprint = {1111.5497},
 primaryClass = "astro-ph.SR",
 keywords = {accretion, accretion discs, magnetic fields, MHD, radiative transfer, turbulence, protoplanetary discs},
     year = 2012,
    month = mar,
   volume = 420,
    pages = {2419-2428},
      doi = {10.1111/j.1365-2966.2011.20207.x},
   adsurl = {http://adsabs.harvard.edu/abs/2012MNRAS.420.2419F},
  adsnote = {Provided by the SAO/NASA Astrophysics Data System}
}

@ARTICLE{balbus99,
   author = {{Balbus}, S.~A. and {Papaloizou}, J.~C.~B.},
    title = "{On the Dynamical Foundations of alpha Disks}",
  journal = {\apj},
   eprint = {arXiv:astro-ph/9903035},
 keywords = {ACCRETION, ACCRETION DISKS, HYDRODYNAMICS, INSTABILITIES, TURBULENCE},
     year = 1999,
    month = aug,
   volume = 521,
    pages = {650-658},
      doi = {10.1086/307594},
   adsurl = {http://adsabs.harvard.edu/abs/1999ApJ...521..650B},
  adsnote = {Provided by the SAO/NASA Astrophysics Data System}
}

@ARTICLE{kretke10,
   author = {{Kretke}, K.~A. and {Lin}, D.~N.~C.},
    title = "{Structure of Magnetorotational Instability Active Protoplanetary Disks}",
  journal = {\apj},
 keywords = {protoplanetary disks},
     year = 2010,
    month = oct,
   volume = 721,
    pages = {1585-1592},
      doi = {10.1088/0004-637X/721/2/1585},
   adsurl = {http://adsabs.harvard.edu/abs/2010ApJ...721.1585K},
  adsnote = {Provided by the SAO/NASA Astrophysics Data System}
}

@ARTICLE{dzy10,
   author = {{Dzyurkevich}, N. and {Flock}, M. and {Turner}, N.~J. and {Klahr}, H. and 
	{Henning}, T.},
    title = "{Trapping solids at the inner edge of the dead zone: 3-D global MHD simulations}",
  journal = {\aap},
archivePrefix = "arXiv",
   eprint = {1002.2521},
 primaryClass = "astro-ph.SR",
 keywords = {planets and satellites: formation, magnetohydrodynamics, methods: numerical, instabilities, accretion, accretion disks, turbulence},
     year = 2010,
    month = jun,
   volume = 515,
      eid = {A70},
    pages = {A70},
      doi = {10.1051/0004-6361/200912834},
   adsurl = {http://adsabs.harvard.edu/abs/2010A%26A...515A..70D},
  adsnote = {Provided by the SAO/NASA Astrophysics Data System}
}

@ARTICLE{dzy13,
   author = {{Dzyurkevich}, N. and {Turner}, N.~J. and {Henning}, T. and 
	{Kley}, W.},
    title = "{Magnetized Accretion and Dead Zones in Protostellar Disks}",
  journal = {\apj},
archivePrefix = "arXiv",
   eprint = {1301.1487},
 primaryClass = "astro-ph.SR",
 keywords = {accretion, accretion disks, circumstellar matter, instabilities, magnetohydrodynamics: MHD, protoplanetary disks},
     year = 2013,
    month = mar,
   volume = 765,
      eid = {114},
    pages = {114},
      doi = {10.1088/0004-637X/765/2/114},
   adsurl = {http://adsabs.harvard.edu/abs/2013ApJ...765..114D},
  adsnote = {Provided by the SAO/NASA Astrophysics Data System}
}

@ARTICLE{isella13,
   author = {{Isella}, A. and {Pe'rez}, L.~M. and {Carpenter}, J.~M. and 
	{Ricci}, L. and {Andrews}, S. and {Rosenfeld}, K.},
    title = "{An azimuthal asymmetry in the LkHa 330 disk}",
  journal = {ArXiv e-prints},
archivePrefix = "arXiv",
   eprint = {1307.5848},
 primaryClass = "astro-ph.SR",
 keywords = {Astrophysics - Solar and Stellar Astrophysics},
     year = 2013,
    month = jul,
   adsurl = {http://adsabs.harvard.edu/abs/2013arXiv1307.5848I},
  adsnote = {Provided by the SAO/NASA Astrophysics Data System}
}

@ARTICLE{mizerski12,
   author = {{Mizerski}, K.~A. and {Lyra}, W.},
    title = "{On the connection between the magneto-elliptic and magneto-rotational instabilities}",
  journal = {Journal of Fluid Mechanics},
archivePrefix = "arXiv",
   eprint = {1202.3666},
 primaryClass = "physics.flu-dyn",
     year = 2012,
    month = may,
   volume = 698,
    pages = {358-373},
      doi = {10.1017/jfm.2012.95},
   adsurl = {http://adsabs.harvard.edu/abs/2012JFM...698..358M},
  adsnote = {Provided by the SAO/NASA Astrophysics Data System}
}

@ARTICLE{lyra11,
   author = {{Lyra}, W. and {Klahr}, H.},
    title = "{The baroclinic instability in the context of layered accretion. Self-sustained vortices and their magnetic stability in local compressible unstratified models of protoplanetary disks}",
  journal = {\aap},
archivePrefix = "arXiv",
   eprint = {1011.0497},
 primaryClass = "astro-ph.EP",
 keywords = {accretion, accretion disks, hydrodynamics, instabilities, magnetohydrodynamics (MHD), turbulence, methods: numerical},
     year = 2011,
    month = mar,
   volume = 527,
      eid = {A138},
    pages = {A138},
      doi = {10.1051/0004-6361/201015568},
   adsurl = {http://adsabs.harvard.edu/abs/2011A%26A...527A.138L},
  adsnote = {Provided by the SAO/NASA Astrophysics Data System}
}


@ARTICLE{balbus98,
   author = {{Balbus}, S.~A. and {Hawley}, J.~F.},
    title = "{Instability, turbulence, and enhanced transport in accretion disks}",
  journal = {Reviews of Modern Physics},
 keywords = {Accretion and accretion disks, Hydrodynamics, Infall, accretion, and accretion disks, Plasma dynamics and flow, Plasma turbulence, Magnetohydrodynamics and plasmas},
     year = 1998,
    month = jan,
   volume = 70,
    pages = {1-53},
      doi = {10.1103/RevModPhys.70.1},
   adsurl = {http://adsabs.harvard.edu/abs/1998RvMP...70....1B},
  adsnote = {Provided by the SAO/NASA Astrophysics Data System}
}

@ARTICLE{masset00,
   author = {{Masset}, F.},
    title = "{FARGO: A fast eulerian transport algorithm for differentially rotating disks}",
  journal = {\aaps},
   eprint = {arXiv:astro-ph/9910390},
 keywords = {ACCRETION, ACCRETION DISKS, HYDRODYNAMICS, METHODS: NUMERICAL},
     year = 2000,
    month = jan,
   volume = 141,
    pages = {165-173},
      doi = {10.1051/aas:2000116},
   adsurl = {http://adsabs.harvard.edu/abs/2000A%26AS..141..165M},
  adsnote = {Provided by the SAO/NASA Astrophysics Data System}
}

@ARTICLE{paardekooper10b,
   author = {{Paardekooper}, S.-J. and {Lesur}, G. and {Papaloizou}, J.~C.~B.
	},
    title = "{Vortex Migration in Protoplanetary Disks}",
  journal = {\apj},
archivePrefix = "arXiv",
   eprint = {1009.5197},
 primaryClass = "astro-ph.EP",
 keywords = {accretion, accretion disks, hydrodynamics, planets and satellites: formation, waves},
     year = 2010,
    month = dec,
   volume = 725,
    pages = {146-158},
      doi = {10.1088/0004-637X/725/1/146},
   adsurl = {http://adsabs.harvard.edu/abs/2010ApJ...725..146P},
  adsnote = {Provided by the SAO/NASA Astrophysics Data System}
}

@ARTICLE{lyra13,
   author = {{Lyra}, W. and {Lin}, M.-K.},
    title = "{Steady State Dust Distributions in Disk Vortices: Observational Predictions and Applications to Transitional Disks}",
  journal = {\apj},
archivePrefix = "arXiv",
   eprint = {1307.3770},
 primaryClass = "astro-ph.EP",
 keywords = {methods: analytical, planet-disk interactions, planets and satellites: formation, protoplanetary disks },
     year = 2013,
    month = sep,
   volume = 775,
      eid = {17},
    pages = {17},
      doi = {10.1088/0004-637X/775/1/17},
   adsurl = {http://adsabs.harvard.edu/abs/2013ApJ...775...17L},
  adsnote = {Provided by the SAO/NASA Astrophysics Data System}
}

@ARTICLE{gressel13,
   author = {{Gressel}, O. and {Nelson}, R.~P. and {Turner}, N.~J. and {Ziegler}, U.
	},
    title = "{Global hydromagnetic simulations of a planet embedded in a dead zone: gap opening, gas accretion and formation of a protoplanetary jet}",
  journal = {ArXiv e-prints},
archivePrefix = "arXiv",
   eprint = {1309.2871},
 primaryClass = "astro-ph.EP",
 keywords = {Astrophysics - Earth and Planetary Astrophysics},
     year = 2013,
    month = sep,
   adsurl = {http://adsabs.harvard.edu/abs/2013arXiv1309.2871G},
  adsnote = {Provided by the SAO/NASA Astrophysics Data System}
}


@ARTICLE{richard13b,
   author = {{Richard}, S. and {Barge}, P. and {Le Dizes}, S.},
    title = "{Structure, stability and evolution of 3D Rossby vortices in protoplanetary disks}",
  journal = {ArXiv e-prints},
archivePrefix = "arXiv",
   eprint = {1309.3486},
 primaryClass = "astro-ph.EP",
 keywords = {Astrophysics - Earth and Planetary Astrophysics},
     year = 2013,
    month = sep,
   adsurl = {http://adsabs.harvard.edu/abs/2013arXiv1309.3486R},
  adsnote = {Provided by the SAO/NASA Astrophysics Data System}
}

@ARTICLE{zhu13,
   author = {{Zhu}, Z. and {Stone}, J.~M. and {Rafikov}, R.~R. and {Bai}, X.
	},
    title = "{Particle Concentration At Planet Induced Gap Edges and Vortices: I. Inviscid 3-D Hydro Disks}",
  journal = {ArXiv e-prints},
archivePrefix = "arXiv",
   eprint = {1308.0648},
 primaryClass = "astro-ph.EP",
 keywords = {Astrophysics - Earth and Planetary Astrophysics},
     year = 2013,
    month = aug,
   adsurl = {http://adsabs.harvard.edu/abs/2013arXiv1308.0648Z},
  adsnote = {Provided by the SAO/NASA Astrophysics Data System}
}


@ARTICLE{goldreich65b,
   author = {{Goldreich}, P. and {Lynden-Bell}, D.},
    title = "{II. Spiral arms as sheared gravitational instabilities}",
  journal = {\mnras},
     year = 1965,
   volume = 130,
    pages = {125},
   adsurl = {http://adsabs.harvard.edu/abs/1965MNRAS.130..125G},
  adsnote = {Provided by the SAO/NASA Astrophysics Data System}
}

@ARTICLE{mamat10,
   author = {{Mamatsashvili}, G.~R. and {Rice}, W.~K.~M.},
    title = "{Axisymmetric modes in vertically stratified self-gravitating discs}",
  journal = {\mnras},
archivePrefix = "arXiv",
   eprint = {1004.1662},
 primaryClass = "astro-ph.EP",
 keywords = {accretion, accretion discs, convection, gravitation, hydrodynamics, instabilities, turbulence, protoplanetary discs, planetary systems},
     year = 2010,
    month = aug,
   volume = 406,
    pages = {2050-2064},
      doi = {10.1111/j.1365-2966.2010.16825.x},
   adsurl = {http://adsabs.harvard.edu/abs/2010MNRAS.406.2050M},
  adsnote = {Provided by the SAO/NASA Astrophysics Data System}
}


@ARTICLE{goldreich65a,
   author = {{Goldreich}, P. and {Lynden-Bell}, D.},
    title = "{I. Gravitational stability of uniformly rotating disks}",
  journal = {\mnras},
     year = 1965,
   volume = 130,
    pages = {97},
   adsurl = {http://adsabs.harvard.edu/abs/1965MNRAS.130...97G},
  adsnote = {Provided by the SAO/NASA Astrophysics Data System}
}

@ARTICLE{sano99,
   author = {{Sano}, T. and {Miyama}, S.~M.},
    title = "{Magnetorotational Instability in Protoplanetary Disks. I. On the Global Stability of Weakly Ionized Disks with Ohmic Dissipation}",
  journal = {\apj},
 keywords = {ACCRETION, ACCRETION DISKS, DIFFUSION, INSTABILITIES, MAGNETOHYDRODYNAMICS: MHD, STARS: PLANETARY SYSTEMS, SOLAR SYSTEM: FORMATION},
     year = 1999,
    month = apr,
   volume = 515,
    pages = {776-786},
      doi = {10.1086/307063},
   adsurl = {http://adsabs.harvard.edu/abs/1999ApJ...515..776S},
  adsnote = {Provided by the SAO/NASA Astrophysics Data System}
}

@ARTICLE{nakamura83,
   author = {{Nakamura}, T.},
    title = "{Gravitational Instability of Rotating Gaseous Disks with Magnetic Field}",
  journal = {Progress of Theoretical Physics},
     year = 1983,
    month = sep,
   volume = 70,
    pages = {747-756},
      doi = {10.1143/PTP.70.747},
   adsurl = {http://adsabs.harvard.edu/abs/1983PThPh..70..747N},
  adsnote = {Provided by the SAO/NASA Astrophysics Data System}
}

@ARTICLE{lizano10,
   author = {{Lizano}, S. and {Galli}, D. and {Cai}, M.~J. and {Adams}, F.~C.
	},
    title = "{Stability of Magnetized Disks and Implications for Planet Formation}",
  journal = {\apj},
archivePrefix = "arXiv",
   eprint = {1009.5717},
 primaryClass = "astro-ph.GA",
 keywords = {magnetohydrodynamics: MHD, planets and satellites: formation, protoplanetary disks, stars: formation},
     year = 2010,
    month = dec,
   volume = 724,
    pages = {1561-1570},
      doi = {10.1088/0004-637X/724/2/1561},
   adsurl = {http://adsabs.harvard.edu/abs/2010ApJ...724.1561L},
  adsnote = {Provided by the SAO/NASA Astrophysics Data System}
}

@ARTICLE{gammie94,
   author = {{Gammie}, C.~F. and {Balbus}, S.~A.},
    title = "{Quasi-Global Linear Analysis of a Magnetized Disc}",
  journal = {\mnras},
     year = 1994,
    month = sep,
   volume = 270,
    pages = {138},
   adsurl = {http://adsabs.harvard.edu/abs/1994MNRAS.270..138G},
  adsnote = {Provided by the SAO/NASA Astrophysics Data System}
}

@ARTICLE{pessah05,
   author = {{Pessah}, M.~E. and {Psaltis}, D.},
    title = "{The Stability of Magnetized Rotating Plasmas with Superthermal Fields}",
  journal = {\apj},
   eprint = {astro-ph/0406071},
 keywords = {Accretion, Accretion Disks, Instabilities, Magnetohydrodynamics: MHD, Plasmas},
     year = 2005,
    month = aug,
   volume = 628,
    pages = {879-901},
      doi = {10.1086/430940},
   adsurl = {http://adsabs.harvard.edu/abs/2005ApJ...628..879P},
  adsnote = {Provided by the SAO/NASA Astrophysics Data System}
}

@ARTICLE{christo93,
   author = {{Christodoulou}, D.~M.},
    title = "{The stability of accretion tori. V - Unstable modes and avoided crossings in extended, self-gravitating annuli}",
  journal = {\apj},
 keywords = {Accretion Disks, Magnetohydrodynamic Stability, Nonlinear Evolution Equations, Star Formation, Toroidal Plasmas, Astronomical Models, Equilibrium Equations, Gravitational Effects},
     year = 1993,
    month = aug,
   volume = 412,
    pages = {696-719},
      doi = {10.1086/172955},
   adsurl = {http://adsabs.harvard.edu/abs/1993ApJ...412..696C},
  adsnote = {Provided by the SAO/NASA Astrophysics Data System}
}

@ARTICLE{inutsuka10,
   author = {{Inutsuka}, S.-i. and {Machida}, M.~N. and {Matsumoto}, T.},
    title = "{Emergence of Protoplanetary Disks and Successive Formation of Gaseous Planets by Gravitational Instability}",
  journal = {\apjl},
archivePrefix = "arXiv",
   eprint = {0912.5439},
 primaryClass = "astro-ph.EP",
 keywords = {brown dwarfs, ISM: clouds, ISM: jets and outflows, ISM: magnetic fields, magnetohydrodynamics: MHD, stars: formation, stars: low-mass},
     year = 2010,
    month = aug,
   volume = 718,
    pages = {L58-L62},
      doi = {10.1088/2041-8205/718/2/L58},
   adsurl = {http://adsabs.harvard.edu/abs/2010ApJ...718L..58I},
  adsnote = {Provided by the SAO/NASA Astrophysics Data System}
}


@ARTICLE{aizenman77,
   author = {{Aizenman}, M. and {Smeyers}, P. and {Weigert}, A.},
    title = "{Avoided Crossing of Modes of Non-radial Stellar Oscillations}",
  journal = {\aap},
     year = 1977,
    month = jun,
   volume = 58,
    pages = {41},
   adsurl = {http://adsabs.harvard.edu/abs/1977A%26A....58...41A},
  adsnote = {Provided by the SAO/NASA Astrophysics Data System}
}

@ARTICLE{pacz78, 
   author = {{Paczynski}, B.},
    title = "{A model of selfgravitating accretion disk}",
  journal = {\actaa},
 keywords = {Astronomical Models, Heat Generation, Interstellar Gas, Rotating Disks, Stellar Gravitation, Stellar Mass Accretion, Angular Momentum, Black Holes (Astronomy), Gravity Anomalies, Heat Balance, Kepler Laws, Momentum Transfer, Optical Thickness, Photosphere, Quasars, Radiative Heat Transfer, Stellar Rotation, Viscosity},
     year = 1978,
   volume = 28,
    pages = {91-109},
   adsurl = {http://adsabs.harvard.edu/abs/1978AcA....28...91P},
  adsnote = {Provided by the SAO/NASA Astrophysics Data System}
}

@ARTICLE{toomre64,
   author = {{Toomre}, A.},
    title = "{On the gravitational stability of a disk of stars}",
  journal = {\apj},
     year = 1964,
    month = may,
   volume = 139,
    pages = {1217-1238},
      doi = {10.1086/147861},
   adsurl = {http://adsabs.harvard.edu/abs/1964ApJ...139.1217T},
  adsnote = {Provided by the SAO/NASA Astrophysics Data System}
}


@ARTICLE{yang12,
   author = {{Yang}, C.-C. and {Mac Low}, M.-M. and {Menou}, K.},
    title = "{Planetesimal and Protoplanet Dynamics in a Turbulent Protoplanetary Disk: Ideal Stratified Disks}",
  journal = {\apj},
archivePrefix = "arXiv",
   eprint = {1103.3268},
 primaryClass = "astro-ph.EP",
 keywords = {instabilities, magnetohydrodynamics: MHD, planet-disk interactions, planets and satellites: formation, protoplanetary disks, turbulence},
     year = 2012,
    month = apr,
   volume = 748,
      eid = {79},
    pages = {79},
      doi = {10.1088/0004-637X/748/2/79},
   adsurl = {http://adsabs.harvard.edu/abs/2012ApJ...748...79Y},
  adsnote = {Provided by the SAO/NASA Astrophysics Data System}
}


@ARTICLE{gressel12,
   author = {{Gressel}, O. and {Nelson}, R.~P. and {Turner}, N.~J.},
    title = "{Dead zones as safe havens for planetesimals: influence of disc mass and external magnetic field}",
  journal = {\mnras},
archivePrefix = "arXiv",
   eprint = {1202.0771},
 primaryClass = "astro-ph.EP",
 keywords = {accretion, accretion discs, MHD, methods: numerical, planets and satellites: formation, protoplanetary discs},
     year = 2012,
    month = may,
   volume = 422,
    pages = {1140-1159},
      doi = {10.1111/j.1365-2966.2012.20701.x},
   adsurl = {http://adsabs.harvard.edu/abs/2012MNRAS.422.1140G},
  adsnote = {Provided by the SAO/NASA Astrophysics Data System}
}

@ARTICLE{gammie01,
   author = {{Gammie}, C.~F.},
    title = "{Nonlinear Outcome of Gravitational Instability in Cooling, Gaseous Disks}",
  journal = {\apj},
   eprint = {astro-ph/0101501},
 keywords = {Accretion, Accretion Disks, Galaxies: Nuclei, Solar System: Formation},
     year = 2001,
    month = may,
   volume = 553,
    pages = {174-183},
      doi = {10.1086/320631},
   adsurl = {http://adsabs.harvard.edu/abs/2001ApJ...553..174G},
  adsnote = {Provided by the SAO/NASA Astrophysics Data System}
}

@ARTICLE{boss97,
   author = {{Boss}, A.~P.},
    title = "{Giant planet formation by gravitational instability.}",
  journal = {Science},
 keywords = {Jovian Planets: Formation, Solar Nebula: Gravitational Instability, Protoplanetary Disks: Hydrodynamics},
     year = 1997,
   volume = 276,
    pages = {1836-1839},
      doi = {10.1126/science.276.5320.1836},
   adsurl = {http://adsabs.harvard.edu/abs/1997Sci...276.1836B},
  adsnote = {Provided by the SAO/NASA Astrophysics Data System}
}

@ARTICLE{boss98,
   author = {{Boss}, A.~P.},
    title = "{Evolution of the Solar Nebula. IV. Giant Gaseous Protoplanet Formation}",
  journal = {\apj},
 keywords = {ACCRETION, ACCRETION DISKS, HYDRODYNAMICS, SOLAR SYSTEM: FORMATION, STARS: PLANETARY SYSTEMS},
     year = 1998,
    month = aug,
   volume = 503,
    pages = {923},
      doi = {10.1086/306036},
   adsurl = {http://adsabs.harvard.edu/abs/1998ApJ...503..923B},
  adsnote = {Provided by the SAO/NASA Astrophysics Data System}
}

@ARTICLE{voro13,
   author = {{Vorobyov}, E.~I.},
    title = "{Formation of giant planets and brown dwarfs on wide orbits}",
  journal = {\aap},
archivePrefix = "arXiv",
   eprint = {1302.1892},
 primaryClass = "astro-ph.EP",
 keywords = {protoplanetary disks, planets and satellites: formation, stars: formation, hydrodynamics, stars: protostars},
     year = 2013,
    month = apr,
   volume = 552,
      eid = {A129},
    pages = {A129},
      doi = {10.1051/0004-6361/201220601},
   adsurl = {http://adsabs.harvard.edu/abs/2013A%26A...552A.129V},
  adsnote = {Provided by the SAO/NASA Astrophysics Data System}
}

@ARTICLE{turner14,
   author = {{Turner}, N.~J. and {Fromang}, S. and {Gammie}, C. and {Klahr}, H. and 
	{Lesur}, G. and {Wardle}, M. and {Bai}, X.-N.},
    title = "{Transport and Accretion in Planet-Forming Disks}",
  journal = {ArXiv e-prints},
archivePrefix = "arXiv",
   eprint = {1401.7306},
 primaryClass = "astro-ph.EP",
 keywords = {Astrophysics - Earth and Planetary Astrophysics},
     year = 2014,
    month = jan,
   adsurl = {http://adsabs.harvard.edu/abs/2014arXiv1401.7306T},
  adsnote = {Provided by the SAO/NASA Astrophysics Data System}
}

@ARTICLE{helled14,
   author = {{Helled}, R. and {Bodenheimer}, P. and {Podolak}, M. and {Boley}, A. and 
	{Meru}, F. and {Nayakshin}, S. and {Fortney}, J.~J. and {Mayer}, L. and 
	{Alibert}, Y. and {Boss}, A.~P.},
    title = "{Giant Planet Formation, Evolution, and Internal Structure}",
  journal = {ArXiv e-prints},
archivePrefix = "arXiv",
   eprint = {1311.1142},
 primaryClass = "astro-ph.EP",
 keywords = {Astrophysics - Earth and Planetary Astrophysics},
     year = 2013,
    month = nov,
   adsurl = {http://adsabs.harvard.edu/abs/2013arXiv1311.1142H},
  adsnote = {Provided by the SAO/NASA Astrophysics Data System}
}


@ARTICLE{armitage01,
   author = {{Armitage}, P.~J. and {Livio}, M. and {Pringle}, J.~E.},
    title = "{Episodic accretion in magnetically layered protoplanetary discs}",
  journal = {\mnras},
   eprint = {astro-ph/0101253},
 keywords = {ACCRETION, ACCRETION DISCS, MHD, PLANETS AND SATELLITES: FORMATION, SOLAR SYSTEM: FORMATION, PLANETARY SYSTEMS: PROTOPLANETARY DISCS, STARS: PRE-MAIN-SEQUENCE},
     year = 2001,
    month = jun,
   volume = 324,
    pages = {705-711},
      doi = {10.1046/j.1365-8711.2001.04356.x},
   adsurl = {http://adsabs.harvard.edu/abs/2001MNRAS.324..705A},
  adsnote = {Provided by the SAO/NASA Astrophysics Data System}
}



@ARTICLE{zhu10b,
   author = {{Zhu}, Z. and {Hartmann}, L. and {Gammie}, C.},
    title = "{\phantom{B}Long-term Evolution of Protostellar and Protoplanetary Disks. II. Layered Accretion with Infall}",
  journal = {\apj},
archivePrefix = "arXiv",
   eprint = {1003.1756},
 primaryClass = "astro-ph.SR",
 keywords = {accretion, accretion disks, stars: formation, stars: pre-main sequence},
     year = 2010,
    month = apr,
   volume = 713,
    pages = {1143-1158},
      doi = {10.1088/0004-637X/713/2/1143},
   adsurl = {http://adsabs.harvard.edu/abs/2010ApJ...713.1143Z},
  adsnote = {Provided by the SAO/NASA Astrophysics Data System}
}

@ARTICLE{zhu10a,
   author = {{Zhu}, Z. and {Hartmann}, L. and {Gammie}, C.~F. and {Book}, L.~G. and 
	{Simon}, J.~B. and {Engelhard}, E.},
    title = "{\phantom{A}Long-term Evolution of Protostellar and Protoplanetary Disks. I. Outbursts}",
  journal = {\apj},
archivePrefix = "arXiv",
   eprint = {1003.1759},
 primaryClass = "astro-ph.SR",
 keywords = {accretion, accretion disks, stars: formation, stars: pre-main sequence},
     year = 2010,
    month = apr,
   volume = 713,
    pages = {1134-1142},
      doi = {10.1088/0004-637X/713/2/1134},
   adsurl = {http://adsabs.harvard.edu/abs/2010ApJ...713.1134Z},
  adsnote = {Provided by the SAO/NASA Astrophysics Data System}
}

@ARTICLE{martin12b,
   author = {{Martin}, R.~G. and {Lubow}, S.~H. and {Livio}, M. and {Pringle}, J.~E.
	},
    title = "{Dead zones around young stellar objects: FU Orionis outbursts and transition discs}",
  journal = {\mnras},
archivePrefix = "arXiv",
   eprint = {1204.2959},
 primaryClass = "astro-ph.SR",
 keywords = {accretion, accretion discs, protoplanetary discs, circumstellar matter, stars: pre-main-sequence},
     year = 2012,
    month = jul,
   volume = 423,
    pages = {2718-2725},
      doi = {10.1111/j.1365-2966.2012.21076.x},
   adsurl = {http://adsabs.harvard.edu/abs/2012MNRAS.423.2718M},
  adsnote = {Provided by the SAO/NASA Astrophysics Data System}
}

@ARTICLE{lubow12,
   author = {{Lubow}, S.~H. and {Martin}, R.~G.},
    title = "{Accretion Outbursts in Circumplanetary Disks}",
  journal = {\apjl},
archivePrefix = "arXiv",
   eprint = {1203.6134},
 primaryClass = "astro-ph.EP",
 keywords = {accretion, accretion disks, magnetohydrodynamics: MHD, planets and satellites: formation, protoplanetary disks, stars: pre-main sequence},
     year = 2012,
    month = apr,
   volume = 749,
      eid = {L37},
    pages = {L37},
      doi = {10.1088/2041-8205/749/2/L37},
   adsurl = {http://adsabs.harvard.edu/abs/2012ApJ...749L..37L},
  adsnote = {Provided by the SAO/NASA Astrophysics Data System}
}

@INPROCEEDINGS{nordlund13,
   author = {{Nordlund}, {\AA}. and {K{\"u}ffmeier}, M. and {Haugb{\o}lle}, T. and 
	{Padoan}, P.},
    title = "{Zooming in on the Formation of Protoplanetary Disks}",
booktitle = {Protostars and Planets VI, Heidelberg, July 15-20, 2013. Poster \#1H002},
     year = 2013,
archivePrefix = "arXiv",
   eprint = {1309.2278},
 primaryClass = "astro-ph.SR",
    month = jul,
    pages = {2},
   adsurl = {http://adsabs.harvard.edu/abs/2013prpl.conf1H002N},
  adsnote = {Provided by the SAO/NASA Astrophysics Data System}
}

@INPROCEEDINGS{nordlund14,
   author = {{Nordlund}, {\AA}. and {Haugb{\o}lle}, T. and {K{\"u}ffmeier}, M. and 
	{Padoan}, P. and {Vasileiades}, A.},
    title = "{Zooming in on the Formation of Protoplanetary Disks}",
 keywords = {ISM: magnetic fields, jets and outflows, stars: formation, planetary systems: formation, accretion disks,},
booktitle = {IAU Symposium},
     year = 2014,
   series = {IAU Symposium},
   volume = 299,
   editor = {{Booth}, M. and {Matthews}, B.~C. and {Graham}, J.~R.},
    month = jan,
    pages = {131-135},
      doi = {10.1017/S1743921313008107},
   adsurl = {http://adsabs.harvard.edu/abs/2014IAUS..299..131N},
  adsnote = {Provided by the SAO/NASA Astrophysics Data System}
}

@ARTICLE{fromang04,
   author = {{Fromang}, S. and {de Villiers}, J.~P. and {Balbus}, S.~A.},
    title = "{Numerical Simulations of Self-Gravitating Magnetized Disks}",
  journal = {\apss},
   eprint = {astro-ph/0309816},
 keywords = {accretion disks, numerical simulations, MHD},
     year = 2004,
    month = aug,
   volume = 292,
    pages = {439-444},
      doi = {10.1023/B:ASTR.0000045047.52968.a2},
   adsurl = {http://adsabs.harvard.edu/abs/2004Ap%26SS.292..439F},
  adsnote = {Provided by the SAO/NASA Astrophysics Data System}
}

@ARTICLE{fromang04b,
   author = {{Fromang}, S. and {Balbus}, S.~A. and {De Villiers}, J.-P.},
    title = "{Evolution of Self-Gravitating Magnetized Disks. I. Axisymmetric Simulations}",
  journal = {\apj},
   eprint = {astro-ph/0310869},
 keywords = {Accretion, Accretion Disks, Gravitation, Methods: Numerical, Magnetohydrodynamics: MHD},
     year = 2004,
    month = nov,
   volume = 616,
    pages = {357-363},
      doi = {10.1086/424828},
   adsurl = {http://adsabs.harvard.edu/abs/2004ApJ...616..357F},
  adsnote = {Provided by the SAO/NASA Astrophysics Data System}
}

@ARTICLE{fromang04c,
   author = {{Fromang}, S. and {Balbus}, S.~A. and {Terquem}, C. and {De Villiers}, J.-P.
	},
    title = "{Evolution of Self-Gravitating Magnetized Disks. II. Interaction between Magnetohydrodynamic Turbulence and Gravitational Instabilities}",
  journal = {\apj},
   eprint = {astro-ph/0409404},
 keywords = {Accretion, Accretion Disks, Instabilities, Magnetohydrodynamics: MHD, Turbulence},
     year = 2004,
    month = nov,
   volume = 616,
    pages = {364-375},
      doi = {10.1086/424829},
   adsurl = {http://adsabs.harvard.edu/abs/2004ApJ...616..364F},
  adsnote = {Provided by the SAO/NASA Astrophysics Data System}
}


@ARTICLE{fromang05,
   author = {{Fromang}, S.},
    title = "{The effect of MHD turbulence on massive protoplanetary disk fragmentation}",
  journal = {\aap},
   eprint = {astro-ph/0506216},
 keywords = {accretion, accretion disks, magnetohydrodynamics (MHD), methods: numerical, stars: planetary system: formation},
     year = 2005,
    month = oct,
   volume = 441,
    pages = {1-8},
      doi = {10.1051/0004-6361:20053080},
   adsurl = {http://adsabs.harvard.edu/abs/2005A%26A...441....1F},
  adsnote = {Provided by the SAO/NASA Astrophysics Data System}
}


@ARTICLE{menou01,
   author = {{Menou}, K. and {Quataert}, E.},
    title = "{Ionization, Magnetorotational, and Gravitational Instabilities in Thin Accretion Disks Around Supermassive Black Holes}",
  journal = {\apj},
   eprint = {astro-ph/0008368},
 keywords = {Accretion, Accretion Disks, Black Hole Physics, Galaxies: Nuclei, Magnetohydrodynamics: MHD, Galaxies: Quasars: General, Turbulence},
     year = 2001,
    month = may,
   volume = 552,
    pages = {204-208},
      doi = {10.1086/320466},
   adsurl = {http://adsabs.harvard.edu/abs/2001ApJ...552..204M},
  adsnote = {Provided by the SAO/NASA Astrophysics Data System}
}

@ARTICLE{goodman03,
   author = {{Goodman}, J.},
    title = "{Self-gravity and quasi-stellar object discs}",
  journal = {\mnras},
   eprint = {astro-ph/0201001},
 keywords = {accretion, accretion discs, gravitation, quasars: general},
     year = 2003,
    month = mar,
   volume = 339,
    pages = {937-948},
      doi = {10.1046/j.1365-8711.2003.06241.x},
   adsurl = {http://adsabs.harvard.edu/abs/2003MNRAS.339..937G},
  adsnote = {Provided by the SAO/NASA Astrophysics Data System}
}


@ARTICLE{lubow13,
   author = {{Lubow}, S.~H. and {Martin}, R.~G.},
    title = "{Dead zones in circumplanetary discs as formation sites for regular satellites}",
  journal = {\mnras},
archivePrefix = "arXiv",
   eprint = {1210.4579},
 primaryClass = "astro-ph.EP",
 keywords = {accretion, accretion discs, planets and satellites: formation, planetary systems},
     year = 2013,
    month = jan,
   volume = 428,
    pages = {2668-2673},
      doi = {10.1093/mnras/sts229},
   adsurl = {http://adsabs.harvard.edu/abs/2013MNRAS.428.2668L},
  adsnote = {Provided by the SAO/NASA Astrophysics Data System}
}

@ARTICLE{lin87,
   author = {{Lin}, D.~N.~C. and {Pringle}, J.~E.},
    title = "{A viscosity prescription for a self-gravitating accretion disc}",
  journal = {\mnras},
 keywords = {Accretion Disks, Angular Momentum, Gas Viscosity, Gravitational Effects, Momentum Transfer, Similarity Theorem, Stellar Evolution},
     year = 1987,
    month = apr,
   volume = 225,
    pages = {607-613},
   adsurl = {http://adsabs.harvard.edu/abs/1987MNRAS.225..607L},
  adsnote = {Provided by the SAO/NASA Astrophysics Data System}
}

@ARTICLE{kim03,
   author = {{Kim}, W.-T. and {Ostriker}, E.~C. and {Stone}, J.~M.},
    title = "{Magnetorotationally Driven Galactic Turbulence and the Formation of Giant Molecular Clouds}",
  journal = {\apj},
   eprint = {astro-ph/0309080},
 keywords = {Galaxies: ISM, Instabilities, ISM: Kinematics and Dynamics- ISM: Magnetic Fields, Magnetohydrodynamics: MHD, Stars: Formation},
     year = 2003,
    month = dec,
   volume = 599,
    pages = {1157-1172},
      doi = {10.1086/379367},
   adsurl = {http://adsabs.harvard.edu/abs/2003ApJ...599.1157K},
  adsnote = {Provided by the SAO/NASA Astrophysics Data System}
}

@ARTICLE{jin96,
   author = {{Jin}, L.},
    title = "{Damping of the Shear Instability in Magnetized Disks by Ohmic Diffusion}",
  journal = {\apj},
 keywords = {ACCRETION, ACCRETION DISKS, DIFFUSION, INSTABILITIES, MAGNETOHYDRODYNAMICS: MHD},
     year = 1996,
    month = feb,
   volume = 457,
    pages = {798},
      doi = {10.1086/176774},
   adsurl = {http://adsabs.harvard.edu/abs/1996ApJ...457..798J},
  adsnote = {Provided by the SAO/NASA Astrophysics Data System}
}

@ARTICLE{goodman94,
   author = {{Goodman}, J. and {Xu}, G.},
    title = "{Parasitic instabilities in magnetized, differentially rotating disks}",
  journal = {\apj},
 keywords = {Accretion Disks, Astronomical Models, Kelvin-Helmholtz Instability, Magnetohydrodynamic Stability, Mathematical Models, Rotating Fluids, Viscosity, Eigenvectors, Fluid Dynamics, Gas Pressure, Magnetic Fields, Nonlinear Equations},
     year = 1994,
    month = sep,
   volume = 432,
    pages = {213-223},
      doi = {10.1086/174562},
   adsurl = {http://adsabs.harvard.edu/abs/1994ApJ...432..213G},
  adsnote = {Provided by the SAO/NASA Astrophysics Data System}
}

@ARTICLE{bonanno07,
   author = {{Bonanno}, A. and {Urpin}, V.},
    title = "{Compressibility and Local Instabilities of Differentially Rotating Magnetized Gas}",
  journal = {\apj},
   eprint = {astro-ph/0703519},
 keywords = {Accretion, Accretion Disks, Galaxies: Magnetic Fields, Instabilities, Magnetohydrodynamics: MHD},
     year = 2007,
    month = jun,
   volume = 662,
    pages = {851-859},
      doi = {10.1086/518231},
   adsurl = {http://adsabs.harvard.edu/abs/2007ApJ...662..851B},
  adsnote = {Provided by the SAO/NASA Astrophysics Data System}
}

@ARTICLE{reyes01,
   author = {{Reyes-Ruiz}, M.},
    title = "{The Magnetorotational Instability across the Dead Zone of Protoplanetary Disks}",
  journal = {\apj},
   eprint = {astro-ph/0009283},
 keywords = {Accretion, Accretion Disks, Magnetic Fields, Magnetohydrodynamics: MHD, Stars: Planetary Systems, Solar System: Formation},
     year = 2001,
    month = jan,
   volume = 547,
    pages = {465-474},
      doi = {10.1086/318356},
   adsurl = {http://adsabs.harvard.edu/abs/2001ApJ...547..465R},
  adsnote = {Provided by the SAO/NASA Astrophysics Data System}
}


@ARTICLE{kim12,
   author = {{Kim}, J.-G. and {Kim}, W.-T. and {Seo}, Y.~M. and {Hong}, S.~S.
	},
    title = "{Gravitational Instability of Rotating, Pressure-confined, Polytropic Gas Disks with Vertical Stratification}",
  journal = {\apj},
archivePrefix = "arXiv",
   eprint = {1210.6207},
 primaryClass = "astro-ph.GA",
 keywords = {hydrodynamics, instabilities, ISM: kinematics and dynamics, stars: formation, waves },
     year = 2012,
    month = dec,
   volume = 761,
      eid = {131},
    pages = {131},
      doi = {10.1088/0004-637X/761/2/131},
   adsurl = {http://adsabs.harvard.edu/abs/2012ApJ...761..131K},
  adsnote = {Provided by the SAO/NASA Astrophysics Data System}
}


@ARTICLE{lynden-bell66,
   author = {{Lynden-Bell}, D.},
    title = "{The role of magnetism in spiral structure}",
  journal = {The Observatory},
     year = 1966,
    month = apr,
   volume = 86,
    pages = {57-60},
   adsurl = {http://adsabs.harvard.edu/abs/1966Obs....86...57L},
  adsnote = {Provided by the SAO/NASA Astrophysics Data System}
}


@ARTICLE{kim00,
   author = {{Kim}, W.-T. and {Ostriker}, E.~C.},
    title = "{Magnetohydrodynamic Instabilities in Shearing, Rotating, Stratified Winds and Disks}",
  journal = {\apj},
   eprint = {astro-ph/0004094},
 keywords = {Accretion, Accretion Disks, ISM: jets and outflows, ISM: kinematics and dynamics, ISM: Magnetic Fields, Magnetohydrodynamics: MHD, stars: pre-main-sequence},
     year = 2000,
    month = sep,
   volume = 540,
    pages = {372-403},
      doi = {10.1086/309293},
   adsurl = {http://adsabs.harvard.edu/abs/2000ApJ...540..372K},
  adsnote = {Provided by the SAO/NASA Astrophysics Data System}
}


@INPROCEEDINGS{fromang04a,
   author = {{Fromang}, S. and {Terquem}, C. and {Balbus}, S.~A. and {de Villiers}, J.-P.
	},
    title = "{Evolution of Massive and Magnetized Protoplanetary Disks}",
booktitle = {Extrasolar Planets: Today and Tomorrow},
     year = 2004,
   series = {Astronomical Society of the Pacific Conference Series},
   volume = 321,
   eprint = {astro-ph/0402373},
   editor = {{Beaulieu}, J. and {Lecavelier Des Etangs}, A. and {Terquem}, C.
	},
    month = dec,
    pages = {262},
   adsurl = {http://adsabs.harvard.edu/abs/2004ASPC..321..262F},
  adsnote = {Provided by the SAO/NASA Astrophysics Data System}
}

@ARTICLE{papaloizou89,
   author = {{Papaloizou}, J.~C.~B. and {Lin}, D.~N.~C.},
    title = "{Nonaxisymmetric instabilities in thin self-gravitating rings and disks}",
  journal = {\apj},
 keywords = {Accretion Disks, Computational Astrophysics, Galactic Evolution, Gravitational Effects, Planetary Rings, Protostars, Astronomical Models, Flow Stability, Pre-Main Sequence Stars, Stellar Mass Accretion, Variational Principles, PLANETS, STABILITY, RINGS, GRAVITY EFFECTS, STRUCTURE, EVOLUTION, OSCILLATIONS, PERTURBATIONS, MODELS, THEORETICAL STUDIES, RESONANCE, HYDRODYNAMICS, CALCULATIONS, COROTATION, NUMERICAL METHODS, DENSITY},
     year = 1989,
    month = sep,
   volume = 344,
    pages = {645-668},
      doi = {10.1086/167832},
   adsurl = {http://adsabs.harvard.edu/abs/1989ApJ...344..645P},
  adsnote = {Provided by the SAO/NASA Astrophysics Data System}
}

@ARTICLE{papaloizou91,
   author = {{Papaloizou}, J.~C. and {Savonije}, G.~J.},
    title = "{Instabilities in self-gravitating gaseous discs}",
  journal = {\mnras},
 keywords = {Accretion Disks, Cosmic Gases, Gravitational Effects, Rotating Fluids, Vorticity, Angular Momentum, Computational Astrophysics, Eigenvalues, Equations Of Motion, Planetary Rings},
     year = 1991,
    month = feb,
   volume = 248,
    pages = {353-369},
   adsurl = {http://adsabs.harvard.edu/abs/1991MNRAS.248..353P},
  adsnote = {Provided by the SAO/NASA Astrophysics Data System}
}


@ARTICLE{lesur14,
   author = {{Lesur}, G. and {Kunz}, M.~W. and {Fromang}, S.},
    title = "{Thanatology in Protoplanetary Discs: the combined influence of Ohmic, Hall, and ambipolar diffusion on dead zones}",
  journal = {ArXiv e-prints},
archivePrefix = "arXiv",
   eprint = {1402.4133},
 primaryClass = "astro-ph.SR",
 keywords = {Astrophysics - Solar and Stellar Astrophysics, Astrophysics - Earth and Planetary Astrophysics},
     year = 2014,
    month = feb,
   adsurl = {http://adsabs.harvard.edu/abs/2014arXiv1402.4133L},
  adsnote = {Provided by the SAO/NASA Astrophysics Data System}
}


@ARTICLE{balbus92,
   author = {{Balbus}, S.~A. and {Hawley}, J.~F.},
    title = "{A Powerful Local Shear Instability in Weakly Magnetized Disks. IV. Nonaxisymmetric Perturbations}",
  journal = {\apj},
 keywords = {ACCRETION, ACCRETION DISKS, INSTABILITIES, MAGNETOHYDRODYNAMICS: MHD},
     year = 1992,
    month = dec,
   volume = 400,
    pages = {610-621},
      doi = {10.1086/172022},
   adsurl = {http://adsabs.harvard.edu/abs/1992ApJ...400..610B},
  adsnote = {Provided by the SAO/NASA Astrophysics Data System}
}

@ARTICLE{lynden-bell72,
   author = {{Lynden-Bell}, D. and {Kalnajs}, A.~J.},
    title = "{On the generating mechanism of spiral structure}",
  journal = {\mnras},
     year = 1972,
   volume = 157,
    pages = {1},
   adsurl = {http://adsabs.harvard.edu/abs/1972MNRAS.157....1L},
  adsnote = {Provided by the SAO/NASA Astrophysics Data System}
}

@ARTICLE{gammie96b,
   author = {{Gammie}, C.~F.},
    title = "{Linear Theory of Magnetized, Viscous, Self-gravitating Gas Disks}",
  journal = {\apj},
 keywords = {GALAXIES: ISM, GALAXIES: KINEMATICS AND DYNAMICS, GALAXIES: STRUCTURE, ISM: MAGNETIC FIELDS},
     year = 1996,
    month = may,
   volume = 462,
    pages = {725},
      doi = {10.1086/177185},
   adsurl = {http://adsabs.harvard.edu/abs/1996ApJ...462..725G},
  adsnote = {Provided by the SAO/NASA Astrophysics Data System}
}

@ARTICLE{kim01,
   author = {{Kim}, W.-T. and {Ostriker}, E.~C.},
    title = "{Amplification, Saturation, and Q Thresholds for Runaway: Growth of Self-Gravitating Structures in Models of Magnetized Galactic Gas Disks}",
  journal = {\apj},
   eprint = {astro-ph/0105375},
 keywords = {Galaxies: ISM, Galaxies: Kinematics and Dynamics, Galaxies: Structure, Instabilities, ISM: Kinematics and Dynamics, ISM: Magnetic Fields, Magnetohydrodynamics: MHD, Stars: Formation},
     year = 2001,
    month = sep,
   volume = 559,
    pages = {70-95},
      doi = {10.1086/322330},
   adsurl = {http://adsabs.harvard.edu/abs/2001ApJ...559...70K},
  adsnote = {Provided by the SAO/NASA Astrophysics Data System}
}

@ARTICLE{elmegreen87,
   author = {{Elmegreen}, B.~G.},
    title = "{Supercloud formation by nonaxisymmetric gravitational instabilities in sheared magnetic galaxy disks}",
  journal = {\apj},
 keywords = {Computational Astrophysics, Galactic Evolution, Gas Dynamics, Magnetohydrodynamic Stability, Molecular Clouds, Axisymmetric Flow, Gas Density, Gravitational Collapse, Star Formation, Two Dimensional Flow},
     year = 1987,
    month = jan,
   volume = 312,
    pages = {626-639},
      doi = {10.1086/164907},
   adsurl = {http://adsabs.harvard.edu/abs/1987ApJ...312..626E},
  adsnote = {Provided by the SAO/NASA Astrophysics Data System}
}

@ARTICLE{fan97,
   author = {{Fan}, Z. and {Lou}, Y.-Q.},
    title = "{Swing amplification of fast and slow density waves in thin magnetized gaseous discs}",
  journal = {\mnras},
 keywords = {GRAVITATION, MHD, POLARIZATION, GALAXIES: SPIRAL, GALAXIES: STRUCTURE, RADIO CONTINUUM: GALAXIES},
     year = 1997,
    month = oct,
   volume = 291,
    pages = {91-109},
   adsurl = {http://adsabs.harvard.edu/abs/1997MNRAS.291...91F},
  adsnote = {Provided by the SAO/NASA Astrophysics Data System}
}


@ARTICLE{ogilvie98,
   author = {{Ogilvie}, G.~I.},
    title = "{Waves and instabilities in a differentially rotating disc containing a poloidal magnetic field}",
  journal = {\mnras},
   eprint = {astro-ph/9801306},
 keywords = {ACCRETION, ACCRETION DISCS, HYDRODYNAMICS, INSTABILITIES, MHD, WAVES},
     year = 1998,
    month = jun,
   volume = 297,
    pages = {291-314},
      doi = {10.1046/j.1365-8711.1998.01507.x},
   adsurl = {http://adsabs.harvard.edu/abs/1998MNRAS.297..291O},
  adsnote = {Provided by the SAO/NASA Astrophysics Data System}
}
